timestamp,top_bid,top_ask,spread,bid_volume,ask_volume
09:30:00.137,71.23,72.85,1.62,5900,3200
09:30:02.279,71.98,72.85,0.87,6000,3200
09:30:02.279,71.98,72.11,0.13,6000,3300
09:30:03.208,71.98,72.85,0.87,6000,3200
09:30:04.012,71.98,72.42,0.44,6000,3700
09:30:07.279,71.23,72.42,1.19,5900,3700
09:30:10.046,72.03,72.42,0.39,6000,3700
09:30:36.756,72.03,72.18,0.15,6000,3800
09:30:36.756,72.03,72.42,0.39,6000,3700
09:30:36.756,72.03,72.18,0.15,6000,3800
09:30:37.009,72.03,72.85,0.82,6000,3200
09:30:37.865,72.08,72.85,0.77,6104,3200
09:30:43.863,72.03,72.85,0.82,6000,3200
09:30:49.141,72.09,72.85,0.76,6100,3200
09:30:50.337,72.03,72.85,0.82,6000,3200
09:30:50.338,72.1,72.85,0.75,6100,3200
09:30:50.340,72.03,72.85,0.82,6000,3200
09:30:50.341,72.11,72.85,0.74,6100,3200
09:30:51.481,72.03,72.85,0.82,6000,3200
09:30:51.616,72.03,72.57,0.54,6300,3400
09:30:51.617,72.03,72.52,0.49,6300,3600
09:30:51.617,72.03,72.15,0.12,6400,3600
09:30:51.626,72.03,72.52,0.49,6400,3500
09:30:51.627,72.03,72.17,0.14,6400,3600
09:30:51.630,72.03,72.52,0.49,6400,3500
09:30:51.631,72.03,72.16,0.13,6400,3600
09:30:51.860,72.06,72.16,0.1,6452,3600
09:30:51.891,72.06,72.52,0.46,6552,3500
09:30:51.892,72.06,72.16,0.1,6552,3600
09:30:52.142,72.06,72.11,0.05,6512,3700
09:30:56.340,72.06,72.85,0.79,6312,4500
09:30:56.457,72.06,72.11,0.05,6412,4700
09:30:56.935,72.03,72.11,0.08,6100,4700
09:30:56.935,72.06,72.11,0.05,6200,4700
09:30:56.958,72.03,72.11,0.08,6100,4700
09:30:56.958,72.06,72.11,0.05,6200,4700
09:30:56.970,72.03,72.11,0.08,6100,4700
09:30:56.970,72.06,72.11,0.05,6200,4700
09:30:56.987,72.03,72.11,0.08,6100,4700
09:30:59.123,72.04,72.11,0.07,6200,4700
09:31:05.840,72.07,72.11,0.04,6299,4700
09:31:07.671,72.07,72.85,0.78,6399,4500
09:31:13.989,72.07,72.11,0.04,6299,4700
09:31:16.837,72.04,72.11,0.07,6100,4700
09:31:16.838,72.04,72.08,0.04,6100,4800
09:31:16.843,72.04,72.07,0.03,6100,4900
09:31:16.850,72.04,72.08,0.04,6100,4800
09:31:21.837,72.04,72.11,0.07,6100,4700
09:31:23.204,72.04,72.85,0.81,6100,4500
09:31:23.547,72.04,72.59,0.55,6200,4600
09:31:26.599,71.54,72.59,1.05,6100,4600
09:31:46.236,71.73,72.59,0.86,6200,4600
09:31:46.236,71.73,72.34,0.61,6200,4700
09:31:47.109,71.73,72.04,0.31,6200,4900
09:31:50.935,71.73,72.03,0.3,6200,5000
09:31:51.984,72.01,72.03,0.02,6400,5100
09:31:59.029,72.01,72.04,0.03,6300,4900
09:31:59.029,72.01,72.03,0.02,6300,5000
09:31:59.032,72.01,72.04,0.03,6300,4900
09:31:59.060,72.01,72.06,0.05,6300,4800
09:31:59.210,72.01,72.05,0.04,6300,4900
09:32:01.151,72.03,72.05,0.02,6400,4900
09:32:03.977,72.04,72.05,0.01,6400,4800
09:32:05.670,72.03,72.05,0.02,6300,4800
09:32:23.391,72.03,72.34,0.31,6400,4800
09:32:24.698,72.05,72.34,0.29,6572,4800
09:32:24.706,72.05,72.07,0.02,6672,5100
09:32:25.197,72.05,72.34,0.29,6572,4800
09:32:26.017,72.03,72.34,0.31,6400,4800
09:32:26.212,72.03,72.07,0.04,6400,5100
09:32:29.936,72.05,72.07,0.02,6500,5100
09:32:39.409,72.05,72.06,0.01,6600,5100
09:32:41.247,72.03,72.06,0.03,6500,5100
09:32:42.889,72.05,72.06,0.01,6600,5100
09:32:44.728,72.03,72.06,0.03,6500,5000
09:32:53.915,72.03,72.07,0.04,7173,5100
09:32:54.054,72.03,72.08,0.05,7173,5000
09:32:54.314,72.03,72.07,0.04,7173,5100
09:32:54.333,72.03,72.08,0.05,7173,5000
09:32:54.452,72.03,72.07,0.04,7173,5100
09:32:54.661,72.03,72.08,0.05,7173,5000
09:32:58.496,72.02,72.08,0.06,6900,5100
09:32:58.496,72.03,72.08,0.05,7000,5100
09:32:58.497,72.02,72.08,0.06,6900,5100
09:32:58.497,72.01,72.08,0.07,6800,5100
09:32:58.497,72.01,72.07,0.06,6800,5200
09:32:58.508,72.01,72.06,0.05,6800,5500
09:32:58.607,72.01,72.07,0.06,6900,5300
09:33:01.012,72.02,72.07,0.05,7100,5300
09:33:01.545,72.02,72.06,0.04,7100,5400
09:33:01.714,72.02,72.05,0.03,7100,5500
09:33:01.714,72.01,72.05,0.04,7000,5500
09:33:02.370,72.0,72.05,0.05,6900,5500
09:33:04.228,72.01,72.05,0.04,7100,5500
09:33:04.337,72.01,72.06,0.05,7100,5300
09:33:04.659,72.01,72.05,0.04,7100,5400
09:33:04.676,72.01,72.03,0.02,7100,5500
09:33:04.749,72.0,72.03,0.03,7000,5500
09:33:05.828,72.01,72.03,0.02,7033,5500
09:33:09.001,72.0,72.03,0.03,7000,6542
09:33:09.982,72.01,72.03,0.02,7000,6542
09:33:13.902,72.01,72.04,0.03,7100,5487
09:33:13.902,72.01,72.03,0.02,7100,5587
09:33:13.902,72.01,72.04,0.03,7100,5487
09:33:14.179,72.02,72.04,0.02,7300,5287
09:33:14.183,72.01,72.04,0.03,7200,5287
09:33:15.560,72.03,72.04,0.01,7100,5287
09:33:16.070,72.03,72.07,0.04,7200,5200
09:33:16.070,72.03,72.06,0.03,7200,5300
09:33:16.079,72.03,72.07,0.04,7200,5200
09:33:16.542,72.03,72.08,0.05,7300,5300
09:33:17.711,72.03,72.07,0.04,7300,5400
09:33:17.744,72.03,72.06,0.03,7300,5500
09:33:17.746,72.03,72.07,0.04,7300,5400
09:33:17.791,72.03,72.08,0.05,7300,5300
09:33:18.698,72.03,72.07,0.04,7500,5500
09:33:19.748,72.03,72.06,0.03,7400,5600
09:33:22.178,72.03,72.07,0.04,7400,5500
09:33:23.249,72.03,72.06,0.03,7400,5589
09:33:26.241,72.03,72.07,0.04,7400,5500
09:33:26.243,72.03,72.04,0.01,7400,5589
09:33:34.224,72.03,72.07,0.04,7357,5500
09:33:34.226,72.03,72.06,0.03,7457,5600
09:33:37.331,72.03,72.05,0.02,7300,5700
09:33:37.334,72.03,72.06,0.03,7300,5600
09:33:39.936,72.03,72.07,0.04,7500,5500
09:33:40.737,72.03,72.08,0.05,7400,5400
09:33:41.913,72.04,72.08,0.04,7700,5600
09:33:42.200,72.04,72.09,0.05,7700,5500
09:33:44.171,72.04,72.08,0.04,7700,5600
09:33:44.523,72.06,72.08,0.02,7500,5600
09:33:45.122,72.06,72.09,0.03,7400,5600
09:33:45.133,72.06,72.08,0.02,7500,5700
09:33:50.244,72.07,72.08,0.01,7657,5700
09:33:50.435,72.07,72.09,0.02,7657,5600
09:33:50.437,72.07,72.1,0.03,7657,5500
09:33:50.726,72.07,72.11,0.04,7757,5600
09:33:50.839,72.07,72.1,0.03,7757,5800
09:33:51.138,72.07,72.11,0.04,7757,5700
09:33:51.619,72.07,72.1,0.03,7757,5800
09:33:52.358,72.07,72.11,0.04,7700,5700
09:33:53.044,72.07,72.1,0.03,7700,5800
09:33:53.174,72.07,72.09,0.02,7700,6000
09:33:53.749,72.04,72.09,0.05,7500,6000
09:33:53.951,72.07,72.09,0.02,7600,6000
09:33:56.177,72.04,72.09,0.05,7500,6000
09:33:57.044,72.05,72.09,0.04,7600,6000
09:33:57.055,72.04,72.09,0.05,7500,6000
09:33:58.942,72.04,72.1,0.06,7800,6100
09:33:59.120,72.05,72.1,0.05,7900,6100
09:34:01.566,72.05,72.09,0.04,7900,6200
09:34:01.610,72.06,72.09,0.03,8100,6200
09:34:01.846,72.04,72.09,0.05,7800,6200
09:34:01.948,72.07,72.09,0.02,8100,6200
09:34:12.696,72.08,72.09,0.01,8100,6500
09:34:14.884,72.07,72.09,0.02,8100,6500
09:34:14.886,72.07,72.08,0.01,8100,6800
09:34:15.589,72.05,72.08,0.03,8000,6600
09:34:15.617,72.04,72.08,0.04,7900,6700
09:34:17.817,72.03,72.08,0.05,7800,6800
09:34:17.918,72.04,72.08,0.04,7900,6800
09:34:18.656,72.04,72.07,0.03,7900,6900
09:34:18.700,72.03,72.07,0.04,7800,7000
09:34:21.218,72.04,72.07,0.03,7900,7203
09:34:22.425,72.03,72.07,0.04,7800,7203
09:34:26.138,72.05,72.07,0.02,7900,7606
09:34:28.040,72.05,72.06,0.01,8000,7906
09:34:28.317,72.05,72.07,0.02,8200,7406
09:34:29.751,72.05,72.08,0.03,8300,7506
09:34:33.094,72.06,72.08,0.02,8200,7406
09:34:43.896,72.04,72.08,0.04,8000,7606
09:34:43.920,72.03,72.08,0.05,7900,7606
09:34:44.123,72.02,72.08,0.06,7800,7506
09:34:45.827,72.03,72.08,0.05,7900,7506
09:34:49.525,72.02,72.08,0.06,7800,7406
09:34:51.021,72.02,72.06,0.04,8100,7606
09:34:56.852,72.03,72.06,0.03,8400,8406
09:34:56.862,72.04,72.06,0.02,8600,8006
09:34:58.416,72.03,72.06,0.03,8500,8406
09:34:58.426,72.02,72.06,0.04,7900,8306
09:35:00.063,72.03,72.06,0.03,8300,8406
09:35:00.068,72.02,72.06,0.04,7900,8406
09:35:00.071,72.01,72.06,0.05,8300,8406
09:35:00.073,72.02,72.06,0.04,8400,8506
09:35:00.079,72.01,72.06,0.05,8300,8506
09:35:00.083,72.02,72.06,0.04,8400,8506
09:35:00.095,72.02,72.05,0.03,8400,8606
09:35:00.108,72.01,72.05,0.04,8300,8806
09:35:00.189,72.0,72.05,0.05,7900,8706
09:35:01.053,72.01,72.05,0.04,8300,9006
09:35:02.226,72.02,72.05,0.03,8400,9006
09:35:02.819,72.01,72.05,0.04,9300,9106
09:35:02.820,72.0,72.05,0.05,9000,9106
09:35:02.988,72.0,72.04,0.04,9100,9206
09:35:03.069,72.01,72.04,0.03,9400,9206
09:35:03.072,72.0,72.04,0.04,9000,9206
09:35:03.171,72.0,72.02,0.02,9400,9306
09:35:03.277,72.01,72.02,0.01,9500,9406
09:35:03.286,72.0,72.02,0.02,9400,9406
09:35:04.162,72.0,72.01,0.01,9200,11006
09:35:04.169,71.99,72.01,0.02,9100,11106
09:35:04.538,72.0,72.01,0.01,9300,11306
09:35:05.170,71.99,72.01,0.02,9200,11306
09:35:05.324,71.99,72.0,0.01,9200,11506
09:35:05.345,71.98,72.0,0.02,9100,11406
09:35:05.411,71.97,72.0,0.03,8900,11306
09:35:05.412,71.97,71.99,0.02,8900,11406
09:35:05.420,71.97,71.98,0.01,8900,11806
09:35:05.424,71.97,71.99,0.02,9000,11506
09:35:05.434,71.98,71.99,0.01,9100,11506
09:35:05.448,71.97,71.99,0.02,9000,11506
09:35:05.477,71.97,71.98,0.01,9000,11706
09:35:05.480,71.97,71.99,0.02,9200,11406
09:35:05.526,71.98,71.99,0.01,9500,11406
09:35:05.529,71.97,71.99,0.02,9300,11406
09:35:05.581,71.97,71.98,0.01,9100,11806
09:35:06.000,71.97,71.99,0.02,9100,11706
09:35:06.004,71.98,71.99,0.01,9100,11706
09:35:06.004,71.97,71.99,0.02,9000,11706
09:35:06.004,71.98,71.99,0.01,9100,11706
09:35:06.004,71.97,71.99,0.02,9000,11706
09:35:06.005,71.97,71.98,0.01,9000,11806
09:35:06.044,71.96,71.98,0.02,8900,11806
09:35:06.048,71.96,71.97,0.01,8900,11906
09:35:06.152,71.95,71.97,0.02,8800,11806
09:35:06.315,71.95,71.98,0.03,8900,11706
09:35:06.316,71.96,71.98,0.02,9000,11806
09:35:06.322,71.96,71.97,0.01,9200,12006
09:35:06.322,71.96,71.98,0.02,9200,11906
09:35:06.371,71.95,71.98,0.03,8900,11806
09:35:06.372,71.96,71.98,0.02,9000,11906
09:35:06.373,71.95,71.98,0.03,8900,11906
09:35:06.373,71.96,71.98,0.02,8900,11906
09:35:06.375,71.95,71.98,0.03,8700,12006
09:35:06.375,71.95,71.97,0.02,8700,12106
09:35:06.376,71.94,71.97,0.03,8600,12106
09:35:06.383,71.94,71.95,0.01,8700,12206
09:35:06.386,71.94,71.96,0.02,8400,12006
09:35:06.395,71.93,71.96,0.03,8300,12006
09:35:06.396,71.93,71.95,0.02,8300,12106
09:35:06.396,71.94,71.95,0.01,8400,12106
09:35:06.399,71.94,71.96,0.02,8500,12006
09:35:06.401,71.93,71.96,0.03,8400,11906
09:35:06.420,71.94,71.96,0.02,8600,11906
09:35:06.500,71.94,71.95,0.01,9000,11806
09:35:06.569,71.93,71.95,0.02,8800,11806
09:35:06.575,71.93,71.94,0.01,8800,11906
09:35:06.771,71.93,71.95,0.02,9000,11706
09:35:06.872,71.93,71.94,0.01,8900,11706
09:35:07.097,71.93,71.95,0.02,8900,11606
09:35:08.961,71.94,71.95,0.01,9300,11606
09:35:08.962,71.94,71.96,0.02,9700,11406
09:35:09.493,71.94,71.95,0.01,9800,11706
09:35:09.545,71.93,71.95,0.02,9200,11606
09:35:09.550,71.93,71.94,0.01,9200,11706
09:35:10.393,71.92,71.94,0.02,8800,11606
09:35:10.443,71.91,71.94,0.03,8600,11606
09:35:10.444,71.91,71.93,0.02,8500,11606
09:35:10.469,71.9,71.93,0.03,8500,11406
09:35:10.493,71.91,71.93,0.02,8600,11406
09:35:11.186,71.9,71.93,0.03,9000,11806
09:35:11.186,71.9,71.92,0.02,9000,11906
09:35:11.200,71.89,71.92,0.03,8800,11906
09:35:11.202,71.89,71.91,0.02,8900,11906
09:35:11.300,71.9,71.91,0.01,9000,11706
09:35:12.420,71.89,71.91,0.02,9000,11606
09:35:14.429,71.89,71.9,0.01,8800,13406
09:35:14.520,71.88,71.9,0.02,9100,13406
09:35:14.521,71.88,71.89,0.01,9100,13506
09:35:15.216,71.88,71.9,0.02,9175,13206
09:35:15.317,71.88,71.89,0.01,9275,13206
09:35:16.546,71.88,71.9,0.02,9475,13106
09:35:16.553,71.89,71.9,0.01,9175,13106
09:35:17.471,71.89,71.91,0.02,9275,13006
09:35:17.573,71.89,71.9,0.01,9575,13106
09:35:22.597,71.89,71.91,0.02,9475,11306
09:35:22.651,71.9,71.91,0.01,9575,11406
09:35:22.651,71.89,71.91,0.02,9475,11406
09:35:22.651,71.9,71.91,0.01,9575,11406
09:35:22.739,71.9,71.93,0.03,9575,11206
09:35:22.809,71.91,71.93,0.02,9575,10703
09:35:23.061,71.9,71.93,0.03,9275,10703
09:35:23.063,71.9,71.92,0.02,9275,10803
09:35:23.064,71.89,71.92,0.03,9175,10903
09:35:23.215,71.9,71.92,0.02,8975,11003
09:35:24.627,71.89,71.92,0.03,9475,11003
09:35:24.629,71.89,71.91,0.02,9475,11203
09:35:24.717,71.9,71.91,0.01,9200,11003
09:35:24.784,71.89,71.91,0.02,9000,11003
09:35:25.013,71.9,71.91,0.01,9400,11003
09:35:25.017,71.9,71.92,0.02,9400,10903
09:35:25.025,71.91,71.92,0.01,9400,11003
09:35:25.032,71.9,71.92,0.02,9400,11003
09:35:25.130,71.9,71.91,0.01,9400,11103
09:35:25.389,71.89,71.91,0.02,9300,11103
09:35:25.405,71.89,71.9,0.01,9300,11103
09:35:25.597,71.89,71.91,0.02,9300,11003
09:35:25.606,71.9,71.91,0.01,9500,11003
09:35:26.129,71.9,71.92,0.02,9500,11003
09:35:26.131,71.9,71.93,0.03,9500,10903
09:35:26.133,71.91,71.93,0.02,9500,10903
09:35:26.134,71.9,71.93,0.03,9200,10903
09:35:26.281,71.9,71.91,0.01,9500,11003
09:35:26.348,71.89,71.91,0.02,9200,10903
09:35:26.393,71.9,71.91,0.01,9400,10903
09:35:27.710,71.9,71.93,0.03,9600,10903
09:35:27.714,71.91,71.93,0.02,9100,10803
09:35:28.113,71.91,71.92,0.01,9700,10803
09:35:28.115,71.9,71.92,0.02,9600,11103
09:35:28.119,71.9,71.91,0.01,9500,11103
09:35:28.402,71.9,71.92,0.02,9800,11003
09:35:28.407,71.91,71.92,0.01,9500,10903
09:35:28.466,71.9,71.92,0.02,9800,10903
09:35:28.469,71.9,71.91,0.01,9800,11003
09:35:28.518,71.9,71.92,0.02,9800,11003
09:35:28.527,71.91,71.92,0.01,9900,10903
09:35:28.699,71.9,71.92,0.02,9600,10903
09:35:28.703,71.9,71.91,0.01,9700,11103
09:35:29.593,71.9,71.92,0.02,9600,11003
09:35:29.596,71.9,71.93,0.03,9400,10903
09:35:29.596,71.91,71.93,0.02,9200,10903
09:35:30.883,71.91,71.92,0.01,9700,11303
09:35:32.750,71.9,71.92,0.02,9400,11503
09:35:32.767,71.9,71.91,0.01,9500,11503
09:35:34.005,71.89,71.91,0.02,9400,11803
09:35:34.005,71.9,71.91,0.01,9500,11803
09:35:34.006,71.89,71.91,0.02,9400,11803
09:35:34.006,71.9,71.91,0.01,9500,11803
09:35:34.007,71.89,71.91,0.02,9400,11803
09:35:34.007,71.9,71.91,0.01,9500,11803
09:35:34.008,71.89,71.91,0.02,9400,11803
09:35:34.008,71.9,71.91,0.01,9500,11803
09:35:34.010,71.89,71.91,0.02,9200,11803
09:35:34.256,71.89,71.9,0.01,9200,11903
09:35:34.647,71.89,71.91,0.02,9100,11303
09:35:35.564,71.89,71.9,0.01,9100,11603
09:35:36.406,71.87,71.9,0.03,9200,11803
09:35:36.407,71.87,71.89,0.02,9200,11903
09:35:36.409,71.86,71.89,0.03,9100,12003
09:35:36.410,71.86,71.88,0.02,9100,12003
09:35:36.755,71.85,71.88,0.03,8500,11903
09:35:36.759,71.85,71.87,0.02,8900,12003
09:35:36.766,71.86,71.87,0.01,9000,12003
09:35:37.712,71.86,71.88,0.02,9295,11803
09:35:37.719,71.87,71.88,0.01,9695,11703
09:35:40.099,71.86,71.88,0.02,9495,11703
09:35:40.104,71.86,71.87,0.01,9295,11803
09:35:42.311,71.86,71.88,0.02,9594,11603
09:35:43.077,71.86,71.87,0.01,9494,12248
09:35:48.301,71.85,71.87,0.02,9200,13548
09:35:49.681,71.85,71.86,0.01,9300,12848
09:35:57.758,71.85,71.87,0.02,9600,10800
09:35:59.593,71.85,71.86,0.01,9600,10900
09:35:59.740,71.85,71.87,0.02,9500,10900
09:36:01.553,71.85,71.86,0.01,9718,10800
09:36:02.181,71.85,71.87,0.02,9718,10700
09:36:02.223,71.85,71.88,0.03,9918,10600
09:36:02.638,71.86,71.88,0.02,9852,10800
09:36:06.626,71.86,71.89,0.03,9818,10600
09:36:06.627,71.87,71.89,0.02,10018,10600
09:36:07.034,71.86,71.89,0.03,9652,10700
09:36:07.036,71.86,71.88,0.02,9552,10900
09:36:07.951,71.85,71.88,0.03,9200,10900
09:36:07.953,71.84,71.88,0.04,9100,10900
09:36:07.953,71.85,71.88,0.03,9300,10900
09:36:07.970,71.85,71.87,0.02,9400,10900
09:36:08.255,71.84,71.87,0.03,8900,10800
09:36:08.255,71.85,71.87,0.02,9000,10800
09:36:08.256,71.84,71.87,0.03,8900,10800
09:36:08.269,71.85,71.87,0.02,9300,10800
09:36:08.558,71.84,71.87,0.03,8900,10800
09:36:10.067,71.85,71.87,0.02,9400,10800
09:36:10.067,71.85,71.86,0.01,9400,10800
09:36:10.370,71.84,71.86,0.02,9400,10800
09:36:13.470,71.85,71.86,0.01,9400,10700
09:36:14.977,71.85,71.87,0.02,9774,10600
09:36:15.186,71.85,71.88,0.03,9874,10600
09:36:15.826,71.86,71.88,0.02,9940,10600
09:36:16.164,71.86,71.89,0.03,9840,10500
09:36:16.329,71.86,71.88,0.02,10140,10600
09:36:16.330,71.86,71.89,0.03,10140,10600
09:36:16.330,71.87,71.89,0.02,10240,10600
09:36:16.332,71.88,71.89,0.01,10440,10600
09:36:18.434,71.87,71.89,0.02,9700,10300
09:36:18.434,71.86,71.89,0.03,9600,10300
09:36:21.076,71.88,71.89,0.01,9700,10600
09:36:21.080,71.88,71.9,0.02,9800,10500
09:36:21.325,71.87,71.9,0.03,9600,10600
09:36:21.329,71.87,71.89,0.02,9600,10700
09:36:21.337,71.86,71.89,0.03,9400,10900
09:36:21.362,71.86,71.88,0.02,9400,10900
09:36:22.778,71.85,71.88,0.03,9100,10600
09:36:22.781,71.85,71.87,0.02,9300,10600
09:36:27.819,71.86,71.87,0.01,9408,13000
09:36:29.425,71.86,71.88,0.02,9608,10800
09:36:29.876,71.86,71.89,0.03,9640,10600
09:36:30.718,71.86,71.88,0.02,9640,10800
09:36:36.620,71.86,71.87,0.01,9640,11500
09:36:41.023,71.85,71.87,0.02,9300,11400
09:36:41.043,71.85,71.86,0.01,9500,11560
09:36:47.839,71.85,71.87,0.02,9686,10700
09:36:47.918,71.85,71.86,0.01,9686,10700
09:37:11.110,71.85,71.87,0.02,11781,11200
09:37:11.251,71.85,71.86,0.01,11981,11600
09:37:18.473,71.85,71.87,0.02,12581,12500
09:37:18.473,71.85,71.86,0.01,12581,12600
09:37:18.475,71.85,71.87,0.02,12581,12500
09:37:18.475,71.85,71.86,0.01,12581,12579
09:37:18.491,71.85,71.87,0.02,12581,12100
09:37:18.523,71.86,71.87,0.01,12881,12579
09:37:18.528,71.86,71.88,0.02,12881,12500
09:37:18.629,71.86,71.87,0.01,12681,12600
09:37:19.063,71.86,71.88,0.02,12581,12800
09:37:19.072,71.87,71.88,0.01,13281,12500
09:37:19.318,71.87,71.89,0.02,12915,12100
09:37:19.356,71.88,71.89,0.01,13515,12100
09:37:19.422,71.87,71.89,0.02,13115,12300
09:37:19.986,71.87,71.88,0.01,12795,13400
09:37:19.989,71.86,71.88,0.02,12695,13500
09:37:19.992,71.86,71.87,0.01,12695,13800
09:37:19.996,71.86,71.88,0.02,12695,13000
09:37:20.003,71.87,71.88,0.01,12795,12700
09:37:21.077,71.86,71.88,0.02,12395,12800
09:37:23.120,71.86,71.87,0.01,12295,13000
09:37:23.126,71.86,71.88,0.02,12295,12600
09:37:23.279,71.86,71.87,0.01,12295,12800
09:37:24.686,71.86,71.88,0.02,12495,12500
09:37:24.693,71.87,71.88,0.01,13095,12400
09:37:24.860,71.86,71.88,0.02,12595,12300
09:37:24.886,71.87,71.88,0.01,12995,12200
09:37:24.983,71.86,71.88,0.02,12595,12200
09:37:24.993,71.86,71.87,0.01,12595,12500
09:37:25.179,71.86,71.88,0.02,12495,12200
09:37:26.095,71.86,71.87,0.01,12795,12300
09:37:28.995,71.85,71.87,0.02,12295,12400
09:37:28.995,71.86,71.87,0.01,12395,12400
09:37:29.063,71.85,71.87,0.02,12295,12600
09:37:29.063,71.86,71.87,0.01,12395,12600
09:37:29.095,71.85,71.87,0.02,12295,12600
09:37:29.095,71.86,71.87,0.01,12395,12600
09:37:34.999,71.85,71.87,0.02,12195,12400
09:37:35.113,71.86,71.87,0.01,12595,12700
09:37:36.352,71.85,71.87,0.02,12395,13100
09:37:36.921,71.85,71.86,0.01,12195,13600
09:37:37.344,71.84,71.86,0.02,11300,13100
09:37:37.344,71.85,71.86,0.01,11400,13100
09:37:38.116,71.84,71.86,0.02,11200,13400
09:37:38.116,71.85,71.86,0.01,11300,13400
09:37:38.119,71.84,71.86,0.02,11200,13400
09:37:38.119,71.85,71.86,0.01,11300,13400
09:37:38.120,71.84,71.86,0.02,11200,13400
09:37:38.120,71.85,71.86,0.01,11238,13400
09:37:38.121,71.84,71.86,0.02,11200,13400
09:37:41.786,71.85,71.86,0.01,11666,12700
09:37:44.670,71.84,71.86,0.02,11566,12500
09:37:44.670,71.84,71.85,0.01,11566,12900
09:37:49.217,71.83,71.85,0.02,11300,14465
09:37:49.218,71.84,71.85,0.01,11300,14765
09:37:49.245,71.83,71.85,0.02,11200,14765
09:37:49.245,71.83,71.84,0.01,11200,14965
09:37:50.101,71.82,71.84,0.02,11100,13900
09:37:50.101,71.83,71.84,0.01,11200,13900
09:37:50.103,71.82,71.84,0.02,11100,14100
09:37:50.112,71.82,71.83,0.01,10900,14600
09:37:50.114,71.82,71.84,0.02,10900,14100
09:37:50.115,71.83,71.84,0.01,11300,13900
09:37:50.193,71.82,71.84,0.02,11200,13800
09:37:50.627,71.82,71.83,0.01,11100,14200
09:37:50.628,71.82,71.84,0.02,11100,14100
09:37:50.628,71.82,71.83,0.01,11100,14200
09:37:50.638,71.82,71.84,0.02,11100,14100
09:37:50.645,71.83,71.84,0.01,11600,13800
09:37:50.805,71.82,71.84,0.02,11200,13800
09:37:50.837,71.82,71.83,0.01,11200,14100
09:37:52.204,71.81,71.83,0.02,11000,13000
09:37:52.207,71.81,71.82,0.01,10900,13900
09:37:54.201,71.8,71.82,0.02,10966,14100
09:37:54.202,71.81,71.82,0.01,10966,14200
09:37:55.231,71.8,71.82,0.02,11066,14400
09:37:55.231,71.8,71.81,0.01,11066,14600
09:37:55.769,71.79,71.81,0.02,11066,14100
09:37:55.771,71.8,71.81,0.01,11166,14100
09:37:55.792,71.79,71.81,0.02,11066,14000
09:37:55.804,71.78,71.81,0.03,10866,14700
09:37:55.805,71.77,71.81,0.04,10666,14700
09:37:55.807,71.76,71.81,0.05,10366,14700
09:37:55.813,71.77,71.81,0.04,10666,14900
09:37:55.818,71.78,71.81,0.03,10366,14900
09:37:55.824,71.79,71.81,0.02,10566,14900
09:37:55.847,71.78,71.81,0.03,10466,14900
09:37:55.855,71.79,71.81,0.02,10566,14900
09:37:55.871,71.79,71.8,0.01,10566,14800
09:37:55.883,71.78,71.8,0.02,10466,14800
09:37:55.883,71.78,71.79,0.01,10466,14900
09:37:55.987,71.78,71.8,0.02,10400,14100
09:37:55.989,71.79,71.8,0.01,11100,14100
09:37:56.528,71.78,71.8,0.02,10900,14100
09:37:56.530,71.78,71.79,0.01,10800,14900
09:37:56.531,71.77,71.79,0.02,10700,14900
09:37:56.719,71.77,71.8,0.03,10900,13200
09:37:56.737,71.78,71.8,0.02,11000,13000
09:37:56.905,71.79,71.8,0.01,11800,13100
09:37:57.220,71.78,71.8,0.02,11300,15600
09:37:57.220,71.78,71.79,0.01,11100,15800
09:37:57.711,71.77,71.79,0.02,10900,15800
09:38:00.018,71.78,71.79,0.01,10900,15700
09:38:00.625,71.78,71.8,0.02,11200,15600
09:38:02.006,71.79,71.8,0.01,11800,12900
09:38:02.010,71.79,71.81,0.02,11800,12800
09:38:02.011,71.8,71.81,0.01,12000,12800
09:38:02.049,71.8,71.82,0.02,12100,12600
09:38:02.115,71.81,71.82,0.01,12500,12700
09:38:02.131,71.8,71.82,0.02,11800,12700
09:38:02.134,71.8,71.81,0.01,11500,13300
09:38:02.169,71.79,71.81,0.02,11400,13000
09:38:03.721,71.78,71.81,0.03,11200,12000
09:38:03.721,71.79,71.81,0.02,11300,12300
09:38:03.726,71.78,71.81,0.03,11200,12600
09:38:03.728,71.78,71.8,0.02,11200,12500
09:38:03.805,71.78,71.81,0.03,11200,12300
09:38:03.983,71.79,71.81,0.02,11300,12100
09:38:04.312,71.78,71.81,0.03,11400,12300
09:38:06.054,71.78,71.8,0.02,11300,12400
09:38:07.456,71.79,71.8,0.01,11400,12600
09:38:10.114,71.79,71.81,0.02,11400,12100
09:38:10.119,71.79,71.82,0.03,12000,11900
09:38:10.120,71.8,71.82,0.02,12000,11900
09:38:10.201,71.81,71.82,0.01,12800,12000
09:38:10.201,71.8,71.82,0.02,12600,12000
09:38:10.201,71.81,71.82,0.01,12700,12000
09:38:10.214,71.8,71.82,0.02,12400,11900
09:38:10.250,71.8,71.81,0.01,12600,12600
09:38:11.083,71.8,71.82,0.02,12700,11900
09:38:11.091,71.81,71.82,0.01,13200,11900
09:38:11.425,71.8,71.82,0.02,12700,12000
09:38:11.428,71.8,71.81,0.01,12600,12700
09:38:12.009,71.8,71.82,0.02,12500,12100
09:38:12.786,71.79,71.82,0.03,11600,12100
09:38:12.786,71.8,71.82,0.02,11700,12100
09:38:12.787,71.79,71.82,0.03,11600,12200
09:38:12.787,71.79,71.81,0.02,11600,12500
09:38:12.792,71.79,71.8,0.01,11300,13000
09:38:13.317,71.79,71.81,0.02,11300,12300
09:38:13.320,71.8,71.81,0.01,11900,12500
09:38:13.474,71.79,71.81,0.02,11400,12400
09:38:16.078,71.79,71.8,0.01,11200,12500
09:38:16.492,71.79,71.81,0.02,11800,12800
09:38:16.512,71.8,71.81,0.01,12100,12700
09:38:16.515,71.8,71.82,0.02,12100,12600
09:38:16.596,71.8,71.81,0.01,12300,12600
09:38:17.896,71.8,71.82,0.02,12300,12600
09:38:18.612,71.81,71.82,0.01,12500,12500
09:38:19.786,71.8,71.82,0.02,12200,12400
09:38:19.788,71.79,71.82,0.03,11900,13100
09:38:19.790,71.79,71.81,0.02,11600,13000
09:38:20.418,71.8,71.81,0.01,12100,12500
09:38:22.326,71.79,71.81,0.02,12000,12700
09:38:23.640,71.79,71.8,0.01,12000,13000
09:38:23.649,71.79,71.81,0.02,12000,12600
09:38:23.650,71.79,71.8,0.01,12000,12600
09:38:23.650,71.79,71.81,0.02,12100,12400
09:38:23.660,71.8,71.81,0.01,12700,12300
09:38:23.828,71.79,71.81,0.02,12000,12500
09:38:23.833,71.79,71.8,0.01,12100,12800
09:38:24.438,71.79,71.81,0.02,12000,12400
09:38:24.812,71.79,71.8,0.01,11900,14100
09:38:24.930,71.78,71.8,0.02,11600,18900
09:38:24.930,71.79,71.8,0.01,11700,18900
09:38:26.379,71.78,71.8,0.02,11800,19100
09:38:26.379,71.79,71.8,0.01,11900,19100
09:38:26.380,71.78,71.8,0.02,11600,19100
09:38:26.380,71.79,71.8,0.01,11700,19100
09:38:26.380,71.78,71.8,0.02,11600,19100
09:38:26.380,71.79,71.8,0.01,11700,19100
09:38:26.383,71.78,71.8,0.02,11600,19200
09:38:26.384,71.78,71.79,0.01,11600,19400
09:38:26.396,71.77,71.79,0.02,11400,19700
09:38:27.039,71.77,71.78,0.01,11700,18600
09:38:27.734,71.77,71.79,0.02,11800,14000
09:38:27.736,71.78,71.79,0.01,12400,14000
09:38:27.749,71.78,71.8,0.02,12500,13700
09:38:27.752,71.79,71.8,0.01,12900,13700
09:38:29.764,71.78,71.8,0.02,12400,16460
09:38:30.527,71.79,71.8,0.01,12500,15300
09:38:31.874,71.79,71.81,0.02,12400,12210
09:38:31.875,71.79,71.82,0.03,13100,11810
09:38:31.878,71.79,71.81,0.02,12800,11910
09:38:31.879,71.8,71.81,0.01,13100,11910
09:38:31.880,71.8,71.82,0.02,13100,11810
09:38:31.880,71.81,71.82,0.01,13200,11810
09:38:31.987,71.81,71.83,0.02,14500,11410
09:38:32.001,71.82,71.83,0.01,14900,11410
09:38:32.708,71.82,71.84,0.02,15300,11310
09:38:32.709,71.82,71.85,0.03,15800,11210
09:38:32.712,71.83,71.85,0.02,15800,11210
09:38:33.215,71.84,71.85,0.01,15400,10910
09:38:33.383,71.84,71.86,0.02,15700,11100
09:38:33.383,71.85,71.86,0.01,15700,11100
09:38:33.944,71.85,71.87,0.02,15700,11000
09:38:33.948,71.86,71.87,0.01,16200,11000
09:38:37.218,71.86,71.88,0.02,15100,11400
09:38:39.050,71.87,71.88,0.01,15300,11400
09:38:39.463,71.86,71.88,0.02,14800,11500
09:38:39.464,71.87,71.88,0.01,14600,11800
09:38:39.464,71.86,71.88,0.02,14500,11800
09:38:39.467,71.86,71.87,0.01,14300,12400
09:38:39.496,71.85,71.87,0.02,14200,12500
09:38:39.530,71.85,71.86,0.01,14000,12900
09:38:39.536,71.84,71.86,0.02,13800,12700
09:38:39.574,71.84,71.85,0.01,13700,13300
09:38:39.670,71.84,71.86,0.02,13700,12700
09:38:39.670,71.85,71.86,0.01,13740,12700
09:38:41.586,71.85,71.87,0.02,14200,12200
09:38:42.067,71.86,71.87,0.01,14300,12100
09:38:44.037,71.86,71.88,0.02,14300,11800
09:38:44.038,71.87,71.88,0.01,14400,11800
09:38:45.529,71.87,71.89,0.02,14500,11700
09:38:45.530,71.88,71.89,0.01,14700,11700
09:38:45.831,71.87,71.89,0.02,14200,12300
09:38:47.085,71.88,71.89,0.01,14400,12100
09:38:47.126,71.88,71.9,0.02,14300,11700
09:38:47.127,71.89,71.9,0.01,14900,11600
09:38:48.016,71.88,71.9,0.02,14000,12200
09:38:48.238,71.89,71.9,0.01,14100,12100
09:38:49.094,71.88,71.9,0.02,13900,11800
09:38:49.128,71.88,71.89,0.01,13800,12400
09:38:49.129,71.87,71.89,0.02,13700,12700
09:38:49.139,71.86,71.89,0.03,13700,12700
09:38:49.162,71.87,71.89,0.02,13800,12700
09:38:49.174,71.86,71.89,0.03,13700,12600
09:38:49.745,71.85,71.89,0.04,13600,12800
09:38:49.747,71.85,71.88,0.03,13800,12500
09:38:49.758,71.86,71.88,0.02,14100,12500
09:38:49.758,71.87,71.88,0.01,14300,12500
09:38:50.275,71.87,71.89,0.02,14400,12300
09:38:50.276,71.88,71.89,0.01,14600,12300
09:38:50.670,71.87,71.89,0.02,14200,12000
09:38:50.675,71.87,71.88,0.01,13900,12500
09:38:51.478,71.86,71.88,0.02,13800,12500
09:38:51.479,71.85,71.88,0.03,13700,12900
09:38:51.500,71.85,71.86,0.01,13900,12800
09:38:51.509,71.85,71.87,0.02,13900,12700
09:38:51.560,71.86,71.87,0.01,14000,12400
09:38:53.629,71.86,71.88,0.02,13800,12100
09:38:53.631,71.87,71.88,0.01,14400,11900
09:38:53.784,71.86,71.88,0.02,13800,12300
09:38:54.131,71.86,71.87,0.01,13700,12200
09:38:54.339,71.85,71.87,0.02,13600,12200
09:38:54.340,71.84,71.87,0.03,13300,13000
09:38:54.340,71.85,71.87,0.02,13600,13000
09:38:54.342,71.84,71.87,0.03,13500,13000
09:38:54.343,71.84,71.86,0.02,13500,12800
09:38:54.553,71.85,71.86,0.01,13500,12400
09:38:54.871,71.84,71.86,0.02,13400,12400
09:38:56.086,71.84,71.85,0.01,13200,12900
09:38:56.086,71.83,71.85,0.02,13100,12900
09:38:56.277,71.84,71.85,0.01,13200,12300
09:38:56.299,71.83,71.85,0.02,13100,12400
09:38:57.179,71.84,71.85,0.01,13100,12300
09:39:00.099,71.83,71.85,0.02,13000,12283
09:39:00.100,71.83,71.84,0.01,13000,12783
09:39:00.100,71.82,71.84,0.02,13000,13283
09:39:00.158,71.83,71.84,0.01,13100,12983
09:39:04.289,71.82,71.84,0.02,13100,12583
09:39:04.291,71.82,71.83,0.01,13000,13083
09:39:06.078,71.81,71.83,0.02,12600,12683
09:39:10.735,71.81,71.82,0.01,12800,12883
09:39:10.994,71.8,71.82,0.02,12700,12883
09:39:11.013,71.8,71.81,0.01,12400,13183
09:39:11.023,71.79,71.81,0.02,12200,13183
09:39:13.043,71.79,71.8,0.01,12400,12783
09:39:13.087,71.78,71.8,0.02,12300,12883
09:39:17.593,71.77,71.8,0.03,12100,13583
09:39:17.594,71.78,71.8,0.02,12200,13583
09:39:17.609,71.78,71.79,0.01,12200,13383
09:39:17.619,71.78,71.8,0.02,12200,12983
09:39:17.622,71.79,71.8,0.01,12920,12883
09:39:17.896,71.78,71.8,0.02,12420,12883
09:39:17.901,71.78,71.79,0.01,12500,13083
09:39:18.509,71.77,71.79,0.02,12300,13383
09:39:18.562,71.77,71.78,0.01,12500,13283
09:39:18.637,71.77,71.79,0.02,12600,12883
09:39:18.644,71.78,71.79,0.01,13000,12583
09:39:18.802,71.77,71.79,0.02,12500,12683
09:39:18.816,71.77,71.78,0.01,12700,12883
09:39:18.857,71.77,71.79,0.02,12700,12783
09:39:19.252,71.77,71.78,0.01,12900,12783
09:39:23.271,71.76,71.78,0.02,12420,12883
09:39:23.271,71.76,71.77,0.01,12420,13183
09:39:24.060,71.76,71.78,0.02,12640,12583
09:39:24.064,71.77,71.78,0.01,12740,12483
09:39:26.158,71.77,71.79,0.02,12940,12383
09:39:26.165,71.78,71.79,0.01,13240,12283
09:39:34.120,71.78,71.8,0.02,13160,12283
09:39:34.124,71.79,71.8,0.01,13580,12383
09:39:41.252,71.79,71.81,0.02,13180,11783
09:39:41.256,71.8,71.81,0.01,13780,11483
09:39:41.288,71.8,71.82,0.02,13680,11283
09:39:41.290,71.81,71.82,0.01,14180,11183
09:39:41.451,71.8,71.82,0.02,13280,11583
09:39:41.644,71.8,71.81,0.01,13280,11683
09:39:42.133,71.8,71.82,0.02,13280,11483
09:39:42.137,71.81,71.82,0.01,13980,11383
09:39:42.686,71.8,71.82,0.02,13380,11483
09:39:42.931,71.81,71.82,0.01,13480,11283
09:39:43.802,71.81,71.83,0.02,13580,11083
09:39:43.805,71.82,71.83,0.01,13780,11083
09:39:45.033,71.82,71.84,0.02,13746,11283
09:39:45.044,71.83,71.84,0.01,13746,11283
09:39:45.071,71.83,71.85,0.02,13626,11183
09:39:45.077,71.84,71.85,0.01,14026,11083
09:39:46.334,71.84,71.86,0.02,14206,10800
09:39:46.676,71.85,71.86,0.01,14126,11000
09:39:47.743,71.85,71.87,0.02,14126,11100
09:39:47.747,71.86,71.87,0.01,14546,11100
09:39:48.102,71.85,71.87,0.02,13946,11600
09:39:49.080,71.86,71.87,0.01,13946,11300
09:39:49.237,71.85,71.87,0.02,13946,11600
09:39:49.561,71.86,71.87,0.01,14246,11200
09:39:50.876,71.85,71.87,0.02,13906,11600
09:39:50.879,71.85,71.86,0.01,13906,12000
09:39:51.239,71.85,71.87,0.02,13906,11300
09:39:51.711,71.86,71.87,0.01,13706,10800
09:39:51.786,71.85,71.87,0.02,13906,11300
09:39:51.822,71.85,71.86,0.01,13906,11700
09:39:55.351,71.84,71.86,0.02,13506,11600
09:39:55.354,71.84,71.85,0.01,13506,12300
09:39:56.304,71.83,71.85,0.02,13306,11900
09:39:56.304,71.84,71.85,0.01,13406,11900
09:39:56.305,71.83,71.85,0.02,13306,12100
09:39:56.305,71.84,71.85,0.01,13406,12100
09:39:56.305,71.83,71.85,0.02,13206,12100
09:39:56.305,71.84,71.85,0.01,13306,12100
09:39:56.309,71.83,71.85,0.02,13206,12100
09:39:56.382,71.83,71.84,0.01,13206,12600
09:39:56.400,71.82,71.84,0.02,13106,12500
09:39:56.456,71.82,71.83,0.01,13106,12800
09:39:56.551,71.82,71.84,0.02,13106,11900
09:39:56.716,71.82,71.85,0.03,13606,11600
09:39:56.718,71.83,71.85,0.02,13606,11700
09:39:56.924,71.83,71.84,0.01,13206,11800
09:39:57.992,71.82,71.84,0.02,13206,11900
09:39:58.002,71.82,71.83,0.01,13106,12300
09:39:58.140,71.81,71.83,0.02,13100,12700
09:39:58.143,71.81,71.82,0.01,13000,12800
09:39:58.463,71.81,71.83,0.02,12800,12200
09:39:58.849,71.81,71.82,0.01,13200,12400
09:39:58.856,71.81,71.83,0.02,13200,12300
09:39:58.857,71.82,71.83,0.01,13400,12100
09:39:59.069,71.81,71.83,0.02,13300,12500
09:39:59.069,71.81,71.82,0.01,13300,12800
09:39:59.083,71.81,71.83,0.02,13400,12049
09:39:59.086,71.82,71.83,0.01,14000,11998
09:39:59.724,71.82,71.84,0.02,13600,11798
09:39:59.800,71.83,71.84,0.01,13800,11547
09:40:00.166,71.82,71.84,0.02,13700,11647
09:40:00.671,71.82,71.83,0.01,13500,11947
09:40:00.696,71.81,71.83,0.02,13400,12047
09:40:00.698,71.81,71.82,0.01,13500,12647
09:40:02.484,71.8,71.82,0.02,13100,12547
09:40:02.484,71.81,71.82,0.01,13200,12547
09:40:02.494,71.8,71.82,0.02,13100,12547
09:40:02.789,71.8,71.81,0.01,13200,12796
09:40:03.006,71.8,71.82,0.02,13500,12096
09:40:03.484,71.81,71.82,0.01,13531,12047
09:40:03.484,71.81,71.83,0.02,13531,11847
09:40:04.800,71.8,71.83,0.03,13231,12047
09:40:04.862,71.81,71.83,0.02,13331,11947
09:40:05.098,71.82,71.83,0.01,13662,11798
09:40:05.201,71.81,71.83,0.02,13362,11898
09:40:07.974,71.81,71.82,0.01,13162,12098
09:40:08.004,71.8,71.82,0.02,13062,12198
09:40:08.005,71.8,71.81,0.01,13062,12998
09:40:08.132,71.79,71.81,0.02,12693,12349
09:40:08.132,71.8,71.81,0.01,12793,12349
09:40:14.098,71.8,71.82,0.02,12793,12049
09:40:14.108,71.81,71.82,0.01,13331,11949
09:40:14.185,71.81,71.83,0.02,13531,11549
09:40:14.191,71.82,71.83,0.01,13800,11549
09:40:14.316,71.81,71.83,0.02,13400,11549
09:40:14.414,71.81,71.82,0.01,13500,11749
09:40:14.506,71.8,71.82,0.02,13300,11949
09:40:14.512,71.8,71.81,0.01,13100,13100
09:40:14.516,71.8,71.82,0.02,13000,12400
09:40:14.519,71.81,71.82,0.01,13700,12100
09:40:15.174,71.81,71.83,0.02,13700,11900
09:40:15.178,71.82,71.83,0.01,14200,11900
09:40:15.528,71.81,71.83,0.02,13393,12100
09:40:15.530,71.8,71.83,0.03,13293,12200
09:40:16.062,71.81,71.83,0.02,13193,12100
09:40:16.292,71.81,71.82,0.01,13393,12100
09:40:17.147,71.81,71.83,0.02,13793,11700
09:40:17.185,71.82,71.83,0.01,14093,11700
09:40:17.397,71.81,71.83,0.02,13493,11700
09:40:17.420,71.82,71.83,0.01,13593,11700
09:40:17.996,71.81,71.83,0.02,13493,11700
09:40:17.999,71.81,71.82,0.01,13593,12600
09:40:18.003,71.81,71.83,0.02,13593,11800
09:40:18.005,71.82,71.83,0.01,13893,11800
09:40:18.160,71.81,71.83,0.02,13393,11900
09:40:20.447,71.81,71.82,0.01,13393,11800
09:40:20.528,71.8,71.82,0.02,13262,11800
09:40:20.531,71.8,71.81,0.01,13131,12700
09:40:21.204,71.8,71.82,0.02,13631,11800
09:40:26.130,71.81,71.82,0.01,13631,11800
09:40:26.140,71.81,71.83,0.02,13631,11600
09:40:26.242,71.81,71.82,0.01,13531,11700
09:40:32.744,71.8,71.82,0.02,13431,12000
09:40:32.745,71.8,71.81,0.01,13531,12400
09:40:33.648,71.79,71.81,0.02,13231,11800
09:40:33.648,71.8,71.81,0.01,13331,11800
09:40:35.248,71.8,71.82,0.02,13531,11700
09:40:35.257,71.8,71.83,0.03,13962,11300
09:40:35.263,71.8,71.82,0.02,14062,11300
09:40:35.310,71.81,71.82,0.01,13562,11200
09:40:36.062,71.81,71.83,0.02,14162,11400
09:40:37.100,71.82,71.83,0.01,14231,11400
09:40:37.601,71.81,71.83,0.02,13731,11500
09:40:38.841,71.82,71.83,0.01,13831,11600
09:40:39.164,71.82,71.84,0.02,14331,11300
09:40:39.165,71.83,71.84,0.01,14831,11300
09:40:40.368,71.82,71.84,0.02,14131,11369
09:40:40.374,71.82,71.83,0.01,14131,12138
09:40:40.599,71.82,71.84,0.02,14331,11438
09:40:40.600,71.83,71.84,0.01,14931,11538
09:40:42.718,71.83,71.85,0.02,14531,11138
09:40:42.719,71.84,71.85,0.01,14931,11138
09:40:42.821,71.83,71.85,0.02,14131,11407
09:40:42.930,71.83,71.84,0.01,14031,11707
09:40:43.809,71.83,71.85,0.02,14431,11307
09:40:43.812,71.84,71.85,0.01,14531,10907
09:40:44.207,71.83,71.85,0.02,14331,11107
09:40:44.837,71.84,71.85,0.01,14431,11507
09:40:44.844,71.84,71.86,0.02,14531,10938
09:40:44.852,71.85,71.86,0.01,14900,10638
09:40:44.855,71.85,71.87,0.02,14900,10438
09:40:44.943,71.84,71.87,0.03,14700,10538
09:40:44.943,71.84,71.86,0.02,14800,10838
09:40:44.947,71.83,71.86,0.03,14400,11338
09:40:44.948,71.83,71.85,0.02,14300,11338
09:40:45.055,71.84,71.85,0.01,14400,10938
09:40:45.381,71.84,71.86,0.02,14600,10538
09:40:45.622,71.84,71.85,0.01,14600,11138
09:40:47.861,71.83,71.85,0.02,14300,11769
09:40:48.477,71.84,71.85,0.01,14400,11169
09:40:48.540,71.84,71.86,0.02,14700,10969
09:40:50.654,71.84,71.85,0.01,14400,11869
09:40:50.744,71.84,71.86,0.02,14400,11069
09:40:51.008,71.85,71.86,0.01,14700,10969
09:40:51.510,71.84,71.86,0.02,14600,11469
09:40:51.685,71.84,71.85,0.01,14500,11869
09:40:53.120,71.83,71.85,0.02,14300,12069
09:40:53.177,71.83,71.84,0.01,14300,11969
09:40:53.182,71.83,71.85,0.02,14300,11869
09:40:53.201,71.84,71.85,0.01,14600,11269
09:40:53.923,71.84,71.86,0.02,14900,11469
09:40:53.925,71.85,71.86,0.01,15000,10969
09:40:54.028,71.84,71.86,0.02,14600,10969
09:40:54.175,71.85,71.86,0.01,14700,10969
09:40:54.694,71.85,71.87,0.02,14900,10869
09:40:54.707,71.86,71.87,0.01,15100,10800
09:40:54.949,71.85,71.87,0.02,14500,11100
09:40:56.218,71.85,71.86,0.01,14500,11000
09:40:56.425,71.85,71.87,0.02,14500,10900
09:40:56.574,71.86,71.87,0.01,14800,10800
09:40:58.532,71.86,71.88,0.02,15000,10900
09:40:58.537,71.87,71.88,0.01,14900,11000
09:41:01.277,71.87,71.89,0.02,15100,11100
09:41:01.282,71.88,71.89,0.01,15200,11100
09:41:01.676,71.88,71.9,0.02,15200,10900
09:41:01.683,71.89,71.9,0.01,15700,10700
09:41:01.685,71.89,71.91,0.02,15500,10600
09:41:01.694,71.89,71.92,0.03,16000,10100
09:41:01.697,71.89,71.91,0.02,15800,10200
09:41:01.748,71.9,71.91,0.01,15500,10600
09:41:01.795,71.9,71.92,0.02,15500,10200
09:41:01.796,71.91,71.92,0.01,15900,10200
09:41:02.568,71.91,71.93,0.02,15200,10700
09:41:02.570,71.92,71.93,0.01,15800,10700
09:41:05.875,71.91,71.93,0.02,14900,11400
09:41:05.876,71.92,71.93,0.01,14900,11400
09:41:05.876,71.91,71.93,0.02,14600,11500
09:41:05.903,71.91,71.92,0.01,14100,11400
09:41:06.396,71.9,71.92,0.02,14000,11600
09:41:06.397,71.9,71.91,0.01,14000,11700
09:41:06.884,71.89,71.91,0.02,13600,11700
09:41:06.884,71.9,71.91,0.01,13700,11700
09:41:08.447,71.89,71.91,0.02,13600,11900
09:41:08.447,71.9,71.91,0.01,13700,11900
09:41:11.625,71.9,71.92,0.02,13900,11600
09:41:11.641,71.91,71.92,0.01,14000,11500
09:41:11.944,71.91,71.93,0.02,14200,11400
09:41:11.945,71.92,71.93,0.01,14700,11500
09:41:12.322,71.91,71.93,0.02,13800,11500
09:41:12.454,71.9,71.93,0.03,13600,12100
09:41:12.455,71.9,71.92,0.02,13600,12200
09:41:12.704,71.91,71.92,0.01,13700,12400
09:41:13.091,71.9,71.92,0.02,13500,11900
09:41:13.095,71.9,71.91,0.01,13300,12300
09:41:25.476,71.9,71.92,0.02,13900,11400
09:41:25.490,71.91,71.92,0.01,13900,11900
09:41:25.527,71.9,71.92,0.02,13800,11800
09:41:25.542,71.9,71.91,0.01,13700,12400
09:41:25.629,71.9,71.92,0.02,13600,11900
09:41:25.929,71.91,71.92,0.01,13800,11200
09:41:26.214,71.9,71.92,0.02,13700,11600
09:41:28.324,71.9,71.93,0.03,14300,11100
09:41:28.325,71.91,71.93,0.02,14300,11300
09:41:28.814,71.91,71.92,0.01,13800,11700
09:41:29.250,71.91,71.93,0.02,13900,11300
09:41:29.250,71.92,71.93,0.01,14100,11300
09:41:29.252,71.91,71.93,0.02,14000,11300
09:41:29.253,71.91,71.92,0.01,14000,11500
09:41:29.257,71.91,71.93,0.02,13900,11300
09:41:29.257,71.92,71.93,0.01,14400,11200
09:41:31.347,71.91,71.93,0.02,13900,11600
09:41:31.395,71.91,71.92,0.01,13700,12500
09:41:37.374,71.9,71.92,0.02,13600,12400
09:41:37.385,71.9,71.91,0.01,13600,13100
09:41:37.510,71.9,71.92,0.02,13900,12000
09:41:37.517,71.91,71.92,0.01,14300,12100
09:41:37.522,71.91,71.93,0.02,14300,11800
09:41:37.525,71.92,71.93,0.01,14600,11400
09:41:37.729,71.91,71.93,0.02,14100,11800
09:41:38.054,71.91,71.92,0.01,13900,12200
09:41:38.056,71.9,71.92,0.02,13700,12100
09:41:38.074,71.9,71.91,0.01,13700,12400
09:41:38.163,71.9,71.92,0.02,13800,12000
09:41:38.624,71.91,71.92,0.01,14000,12000
09:41:38.654,71.9,71.92,0.02,13700,12000
09:41:38.657,71.9,71.91,0.01,13800,12100
09:41:39.012,71.9,71.92,0.02,13800,12000
09:41:39.622,71.91,71.92,0.01,14000,11900
09:41:42.297,71.9,71.92,0.02,13600,11900
09:41:42.528,71.91,71.92,0.01,13700,12000
09:41:44.357,71.91,71.93,0.02,13700,11900
09:41:44.363,71.92,71.93,0.01,13800,11800
09:41:45.766,71.92,71.94,0.02,13800,11800
09:41:45.766,71.93,71.94,0.01,14100,11800
09:41:45.981,71.92,71.94,0.02,13700,12300
09:41:45.985,71.92,71.93,0.01,13600,12400
09:41:46.167,71.92,71.94,0.02,13600,12100
09:41:46.229,71.93,71.94,0.01,13800,11900
09:41:47.499,71.92,71.94,0.02,13500,12300
09:41:48.053,71.93,71.94,0.01,13800,12200
09:41:48.457,71.92,71.94,0.02,13700,12300
09:41:48.910,71.93,71.94,0.01,14000,12300
09:41:51.858,71.92,71.94,0.02,14000,12200
09:41:52.670,71.93,71.94,0.01,13800,12400
09:42:01.619,71.92,71.94,0.02,13700,12500
09:42:01.625,71.92,71.93,0.01,13600,13100
09:42:01.625,71.91,71.93,0.02,13500,13100
09:42:01.663,71.91,71.92,0.01,13500,13100
09:42:01.779,71.91,71.93,0.02,13900,12700
09:42:01.780,71.92,71.93,0.01,14200,12700
09:42:07.680,71.91,71.93,0.02,13500,12200
09:42:07.816,71.91,71.92,0.01,13400,12900
09:42:09.040,71.91,71.93,0.02,13400,12300
09:42:09.042,71.92,71.93,0.01,14100,12300
09:42:09.402,71.91,71.93,0.02,13500,12500
09:42:09.405,71.91,71.92,0.01,13400,12600
09:42:12.155,71.9,71.92,0.02,13300,12843
09:42:12.160,71.9,71.91,0.01,13300,13643
09:42:19.214,71.89,71.91,0.02,12700,13143
09:42:19.214,71.9,71.91,0.01,12800,13143
09:42:19.229,71.89,71.91,0.02,12700,13143
09:42:19.229,71.9,71.91,0.01,12800,13143
09:42:19.234,71.89,71.91,0.02,12700,13443
09:42:19.234,71.9,71.91,0.01,12781,13443
09:42:22.479,71.9,71.92,0.02,13081,13043
09:42:23.392,71.9,71.91,0.01,12981,13143
09:42:28.044,71.89,71.91,0.02,12700,13143
09:42:28.044,71.89,71.9,0.01,12700,13443
09:42:28.050,71.88,71.9,0.02,12600,14143
09:42:29.288,71.88,71.89,0.01,13000,13643
09:42:29.544,71.88,71.9,0.02,13400,13043
09:42:29.546,71.89,71.9,0.01,14000,13243
09:42:29.904,71.88,71.9,0.02,13200,13043
09:42:34.901,71.89,71.9,0.01,13502,13346
09:42:35.395,71.88,71.9,0.02,13103,13346
09:42:35.395,71.89,71.9,0.01,13203,13346
09:42:36.395,71.88,71.9,0.02,13103,13746
09:42:36.395,71.89,71.9,0.01,13203,13746
09:42:38.831,71.88,71.9,0.02,13103,13146
09:42:44.082,71.88,71.89,0.01,13103,13446
09:42:44.642,71.88,71.9,0.02,13503,12946
09:42:44.645,71.89,71.9,0.01,14003,13346
09:42:44.647,71.89,71.91,0.02,13703,12745
09:42:44.689,71.89,71.9,0.01,14003,13046
09:42:44.689,71.89,71.91,0.02,14003,12946
09:42:44.690,71.89,71.9,0.01,14103,13146
09:42:44.691,71.89,71.91,0.02,14103,13046
09:42:44.691,71.89,71.9,0.01,14103,13146
09:42:44.697,71.89,71.91,0.02,14303,13045
09:42:45.080,71.89,71.9,0.01,13703,13046
09:42:52.615,71.88,71.9,0.02,13003,13346
09:42:52.615,71.89,71.9,0.01,13103,13346
09:42:54.198,71.88,71.9,0.02,13103,13746
09:42:54.205,71.88,71.89,0.01,13103,14346
09:42:54.217,71.87,71.89,0.02,12803,14046
09:42:54.217,71.88,71.89,0.01,13003,14046
09:42:54.218,71.87,71.89,0.02,12803,14046
09:42:54.230,71.88,71.89,0.01,12803,13246
09:42:54.295,71.87,71.89,0.02,12603,13846
09:42:57.346,71.88,71.89,0.01,12903,13446
09:43:00.757,71.87,71.89,0.02,12803,13446
09:43:07.144,71.87,71.88,0.01,12803,13546
09:43:17.611,71.87,71.89,0.02,13003,13146
09:43:18.928,71.87,71.88,0.01,13003,13346
09:43:19.001,71.86,71.88,0.02,12403,13646
09:43:19.112,71.86,71.87,0.01,12503,14245
09:43:19.178,71.86,71.88,0.02,12903,13346
09:43:19.287,71.87,71.88,0.01,13003,13146
09:43:19.505,71.86,71.88,0.02,12703,13046
09:43:19.777,71.86,71.87,0.01,12515,13746
09:43:21.216,71.86,71.88,0.02,12615,13546
09:43:21.221,71.86,71.89,0.03,12915,13446
09:43:21.238,71.86,71.88,0.02,12915,13646
09:43:21.633,71.86,71.87,0.01,12915,13446
09:43:22.547,71.85,71.87,0.02,12503,13346
09:43:28.626,71.85,71.86,0.01,12515,13646
09:43:31.584,71.84,71.86,0.02,12315,13246
09:43:36.999,71.85,71.86,0.01,12615,13146
09:43:37.198,71.85,71.87,0.02,12915,12846
09:43:37.202,71.86,71.87,0.01,13315,12846
09:43:38.817,71.86,71.88,0.02,13015,12646
09:43:39.153,71.87,71.88,0.01,13615,12545
09:43:40.501,71.86,71.88,0.02,12915,12446
09:43:41.554,71.86,71.87,0.01,13015,12746
09:43:44.208,71.86,71.88,0.02,13115,12546
09:43:44.261,71.87,71.88,0.01,13315,12646
09:43:44.402,71.87,71.89,0.02,13415,12446
09:43:45.578,71.87,71.88,0.01,13215,12646
09:43:46.928,71.86,71.88,0.02,13102,12546
09:43:47.070,71.86,71.87,0.01,13003,12746
09:43:47.071,71.86,71.88,0.02,13003,12746
09:43:47.153,71.86,71.87,0.01,12803,12846
09:43:48.946,71.85,71.87,0.02,12803,12846
09:43:49.912,71.85,71.86,0.01,12603,13526
09:43:50.267,71.85,71.87,0.02,12803,13146
09:43:52.024,71.85,71.86,0.01,12903,13146
09:43:53.328,71.84,71.86,0.02,12403,13246
09:43:53.336,71.84,71.85,0.01,12203,13946
09:43:53.349,71.84,71.86,0.02,12203,13446
09:43:53.353,71.85,71.86,0.01,13103,13145
09:43:53.514,71.84,71.86,0.02,12603,13145
09:43:59.279,71.84,71.85,0.01,12002,13545
09:43:59.317,71.83,71.85,0.02,11803,13446
09:43:59.671,71.84,71.85,0.01,12303,13046
09:44:03.064,71.84,71.86,0.02,13503,13145
09:44:03.256,71.85,71.86,0.01,14403,13146
09:44:08.465,71.84,71.86,0.02,13403,13146
09:44:08.469,71.84,71.85,0.01,13402,14046
09:44:09.757,71.84,71.86,0.02,13203,13146
09:44:09.771,71.85,71.86,0.01,13603,13145
09:44:13.329,71.84,71.86,0.02,12203,13145
09:44:13.331,71.83,71.86,0.03,12002,13745
09:44:13.361,71.83,71.85,0.02,12003,13845
09:44:13.383,71.83,71.84,0.01,11403,14044
09:44:13.384,71.82,71.84,0.02,11403,14045
09:44:14.695,71.83,71.84,0.01,12203,13446
09:44:15.934,71.83,71.85,0.02,12203,13345
09:44:15.937,71.84,71.85,0.01,12703,13345
09:44:16.258,71.83,71.85,0.02,12103,13346
09:44:16.291,71.83,71.84,0.01,12103,14146
09:44:16.291,71.82,71.84,0.02,12003,14446
09:44:16.364,71.83,71.84,0.01,12203,13746
09:44:16.746,71.82,71.84,0.02,11903,13646
09:44:18.519,71.82,71.83,0.01,11803,14246
09:44:21.385,71.81,71.83,0.02,12003,13546
09:44:28.007,71.82,71.83,0.01,12003,13746
09:44:28.140,71.81,71.83,0.02,12003,13746
09:44:31.956,71.81,71.84,0.03,12203,13046
09:44:31.956,71.82,71.84,0.02,12403,13046
09:44:33.000,71.81,71.84,0.03,12203,13146
09:44:33.002,71.81,71.83,0.02,12203,13246
09:44:33.068,71.82,71.83,0.01,12503,13246
09:44:33.256,71.82,71.84,0.02,12503,13046
09:44:33.258,71.83,71.84,0.01,13103,13046
09:44:33.262,71.83,71.85,0.02,12703,12946
09:44:33.299,71.84,71.85,0.01,13703,12646
09:44:33.368,71.84,71.86,0.02,13703,12446
09:44:34.000,71.84,71.85,0.01,13403,12546
09:44:35.426,71.84,71.86,0.02,13203,12446
09:44:35.429,71.85,71.86,0.01,13603,12246
09:44:35.781,71.84,71.86,0.02,13103,12246
09:44:35.795,71.84,71.85,0.01,13002,12846
09:44:39.775,71.83,71.85,0.02,13003,23446
09:44:39.942,71.83,71.84,0.01,13103,23946
09:44:40.099,71.83,71.85,0.02,13103,23846
09:44:40.906,71.83,71.86,0.03,13203,23246
09:44:40.906,71.84,71.86,0.02,13403,23246
09:44:40.911,71.85,71.86,0.01,14003,23246
09:44:41.016,71.85,71.87,0.02,13803,23146
09:44:41.018,71.86,71.87,0.01,14303,23145
09:44:41.368,71.85,71.87,0.02,13503,23046
09:44:42.058,71.86,71.87,0.01,13603,23246
09:44:43.068,71.86,71.88,0.02,13703,23046
09:44:43.074,71.87,71.88,0.01,14003,22946
09:44:43.267,71.86,71.88,0.02,13603,22946
09:44:43.271,71.86,71.87,0.01,13403,23746
09:44:46.040,71.85,71.87,0.02,13303,23146
09:44:47.056,71.86,71.87,0.01,13403,23146
09:44:49.036,71.86,71.88,0.02,13403,23046
09:44:49.040,71.87,71.88,0.01,14003,22946
09:44:50.063,71.86,71.88,0.02,13503,22946
09:44:51.137,71.87,71.88,0.01,13603,22946
09:44:52.211,71.87,71.89,0.02,13903,22746
09:44:52.216,71.88,71.89,0.01,14503,22746
09:44:56.978,71.87,71.89,0.02,13703,22746
09:44:57.256,71.88,71.89,0.01,13803,22946
09:44:57.257,71.87,71.89,0.02,13703,23046
09:44:57.257,71.88,71.89,0.01,13803,23046
09:44:57.277,71.87,71.89,0.02,13702,22846
09:44:57.277,71.87,71.88,0.01,13702,23046
09:44:58.304,71.87,71.89,0.02,13703,22646
09:44:58.307,71.88,71.89,0.01,14303,22646
09:44:58.353,71.88,71.9,0.02,14203,22546
09:44:58.518,71.88,71.89,0.01,14103,22646
09:44:59.014,71.88,71.9,0.02,13903,22246
09:44:59.023,71.89,71.9,0.01,14202,22246
09:44:59.260,71.89,71.91,0.02,14103,22146
09:44:59.268,71.9,71.91,0.01,14503,22146
09:44:59.750,71.9,71.92,0.02,14403,21646
09:44:59.934,71.91,71.92,0.01,14403,21846
09:44:59.935,71.9,71.92,0.02,14303,21846
09:45:00.122,71.91,71.92,0.01,14203,22246
09:45:00.228,71.9,71.92,0.02,14103,22346
09:45:00.229,71.9,71.91,0.01,14103,22546
09:45:01.047,71.89,71.91,0.02,14103,23246
09:45:01.060,71.89,71.9,0.01,14102,23946
09:45:01.418,71.89,71.91,0.02,14003,23146
09:45:01.425,71.9,71.91,0.01,14103,22846
09:45:02.285,71.89,71.91,0.02,14203,23546
09:45:02.298,71.89,71.9,0.01,14103,23746
09:45:02.309,71.88,71.9,0.02,14003,23946
09:45:02.312,71.88,71.89,0.01,13802,24446
09:45:02.675,71.88,71.9,0.02,13703,23546
09:45:04.749,71.87,71.9,0.03,13600,23243
09:45:04.750,71.88,71.9,0.02,13500,23543
09:45:04.750,71.88,71.89,0.01,13500,23643
09:45:04.750,71.87,71.89,0.02,13400,23743
09:45:04.750,71.88,71.89,0.01,13400,23943
09:45:04.752,71.87,71.89,0.02,13300,23943
09:45:04.754,71.87,71.88,0.01,13200,24143
09:45:04.759,71.86,71.88,0.02,13100,24143
09:45:04.762,71.86,71.87,0.01,13100,24343
09:45:04.764,71.85,71.87,0.02,13000,24343
09:45:04.771,71.85,71.86,0.01,12900,24743
09:45:05.124,71.85,71.87,0.02,12900,23943
09:45:09.083,71.85,71.86,0.01,13000,24043
09:45:09.461,71.85,71.87,0.02,13000,23843
09:45:09.464,71.86,71.87,0.01,13813,23743
09:45:09.468,71.85,71.87,0.02,13100,23543
09:45:09.470,71.85,71.86,0.01,13000,24456
09:45:10.041,71.85,71.87,0.02,13000,23843
09:45:10.050,71.86,71.87,0.01,14100,23743
09:45:10.054,71.85,71.87,0.02,13400,23643
09:45:10.059,71.85,71.86,0.01,13300,24443
09:45:10.419,71.85,71.87,0.02,13400,23743
09:45:10.679,71.86,71.87,0.01,13400,23743
09:45:10.683,71.85,71.87,0.02,13200,23743
09:45:10.686,71.85,71.86,0.01,13200,24543
09:45:11.037,71.85,71.87,0.02,13200,23943
09:45:11.704,71.84,71.87,0.03,12700,24043
09:45:11.704,71.84,71.86,0.02,12700,24243
09:45:12.404,71.84,71.85,0.01,12500,24443
09:45:12.595,71.83,71.85,0.02,12300,24443
09:45:14.513,71.84,71.85,0.01,12500,25243
09:45:16.468,71.84,71.86,0.02,12800,24143
09:45:16.468,71.85,71.86,0.01,13300,24143
09:45:16.472,71.84,71.86,0.02,13100,24143
09:45:16.479,71.84,71.85,0.01,12800,25143
09:45:17.018,71.84,71.86,0.02,12700,24143
09:45:17.018,71.84,71.85,0.01,12700,24243
09:45:17.019,71.84,71.86,0.02,13000,24043
09:45:17.022,71.85,71.86,0.01,13300,23943
09:45:17.026,71.84,71.86,0.02,13000,23943
09:45:17.028,71.84,71.85,0.01,13000,24943
09:45:17.325,71.84,71.86,0.02,12900,24043
09:45:17.544,71.85,71.86,0.01,13200,23743
09:45:17.548,71.84,71.86,0.02,13100,23743
09:45:17.551,71.84,71.85,0.01,13100,24543
09:45:17.627,71.84,71.86,0.02,13100,23943
09:45:17.638,71.85,71.86,0.01,13800,23743
09:45:17.642,71.84,71.86,0.02,13100,23743
09:45:17.658,71.84,71.85,0.01,13100,24543
09:45:17.938,71.84,71.86,0.02,13000,24043
09:45:18.249,71.85,71.86,0.01,13600,23843
09:45:18.253,71.84,71.86,0.02,13200,23843
09:45:18.255,71.84,71.85,0.01,13200,24843
09:45:19.030,71.84,71.86,0.02,13300,23943
09:45:19.039,71.85,71.86,0.01,14000,23943
09:45:19.043,71.84,71.86,0.02,13300,23843
09:45:19.045,71.84,71.85,0.01,13200,24743
09:45:19.055,71.84,71.86,0.02,13100,23943
09:45:19.112,71.85,71.86,0.01,13300,24043
09:45:19.116,71.84,71.86,0.02,13100,24043
09:45:19.117,71.85,71.86,0.01,13200,24143
09:45:19.120,71.84,71.86,0.02,13100,24143
09:45:19.121,71.84,71.85,0.01,13000,24443
09:45:19.123,71.84,71.86,0.02,12900,24043
09:45:19.361,71.85,71.86,0.01,13300,23943
09:45:19.364,71.84,71.86,0.02,13000,23943
09:45:19.369,71.84,71.85,0.01,12900,24443
09:45:19.659,71.83,71.85,0.02,12800,24343
09:45:19.662,71.83,71.84,0.01,12700,24843
09:45:19.671,71.82,71.84,0.02,12500,24843
09:45:19.674,71.82,71.83,0.01,12300,25243
09:45:19.677,71.81,71.83,0.02,12200,25243
09:45:19.695,71.81,71.82,0.01,12300,25343
09:45:19.695,71.81,71.83,0.02,12200,25143
09:45:19.696,71.81,71.82,0.01,12300,25243
09:45:19.699,71.81,71.83,0.02,12300,25043
09:45:19.702,71.81,71.82,0.01,12200,25143
09:45:19.712,71.8,71.82,0.02,12100,25143
09:45:20.071,71.81,71.82,0.01,12400,24343
09:45:20.387,71.81,71.83,0.02,12400,24243
09:45:20.390,71.82,71.83,0.01,13400,24143
09:45:20.395,71.82,71.84,0.02,13200,23943
09:45:20.752,71.81,71.84,0.03,12500,24043
09:45:20.753,71.82,71.84,0.02,12600,24043
09:45:20.755,71.82,71.83,0.01,12600,24143
09:45:20.975,71.82,71.84,0.02,12500,23943
09:45:21.159,71.83,71.84,0.01,13100,23943
09:45:21.752,71.83,71.85,0.02,12800,23943
09:45:21.880,71.84,71.85,0.01,13900,23843
09:45:22.171,71.83,71.85,0.02,12900,23943
09:45:23.026,71.83,71.86,0.03,12900,23943
09:45:23.026,71.83,71.85,0.02,12900,24043
09:45:23.027,71.84,71.85,0.01,13100,24043
09:45:23.031,71.84,71.86,0.02,13500,23943
09:45:23.035,71.85,71.86,0.01,13800,23743
09:45:23.188,71.84,71.86,0.02,13200,23843
09:45:23.334,71.84,71.87,0.03,13000,23843
09:45:23.334,71.84,71.86,0.02,13000,23943
09:45:23.334,71.84,71.87,0.03,13300,23643
09:45:23.334,71.85,71.87,0.02,13600,23543
09:45:23.334,71.85,71.86,0.01,13900,23643
09:45:23.335,71.85,71.87,0.02,14200,23543
09:45:23.337,71.85,71.86,0.01,13900,23743
09:45:23.645,71.85,71.87,0.02,13300,23543
09:45:23.814,71.85,71.86,0.01,13400,23643
09:45:24.557,71.85,71.87,0.02,13500,23643
09:45:25.539,71.84,71.87,0.03,13400,23843
09:45:25.539,71.84,71.86,0.02,13400,24043
09:45:25.548,71.84,71.85,0.01,13300,24743
09:45:26.001,71.84,71.86,0.02,13200,23943
09:45:27.021,71.85,71.86,0.01,13700,23743
09:45:27.025,71.84,71.86,0.02,13100,23743
09:45:27.028,71.84,71.85,0.01,13100,24643
09:45:27.319,71.84,71.86,0.02,13100,23843
09:45:27.332,71.85,71.86,0.01,14200,23943
09:45:27.337,71.84,71.86,0.02,13200,23843
09:45:27.339,71.84,71.85,0.01,12900,24843
09:45:27.632,71.84,71.86,0.02,13400,23943
09:45:27.637,71.85,71.86,0.01,13500,23743
09:45:27.641,71.84,71.86,0.02,13000,24043
09:45:27.644,71.84,71.85,0.01,13100,24643
09:45:28.519,71.83,71.85,0.02,12900,24143
09:45:29.022,71.84,71.85,0.01,13100,24223
09:45:30.199,71.84,71.86,0.02,13900,23943
09:45:30.200,71.85,71.86,0.01,14720,24043
09:45:30.205,71.84,71.86,0.02,13700,24043
09:45:30.210,71.84,71.85,0.01,13600,25043
09:45:31.037,71.84,71.86,0.02,12900,24343
09:45:31.037,71.84,71.85,0.01,12900,24443
09:45:31.039,71.84,71.86,0.02,12900,24443
09:45:31.044,71.85,71.86,0.01,13500,24243
09:45:31.048,71.84,71.86,0.02,13100,24243
09:45:31.051,71.84,71.85,0.01,12900,25043
09:45:31.343,71.84,71.86,0.02,12900,24443
09:45:31.344,71.84,71.85,0.01,12900,24443
09:45:31.344,71.84,71.86,0.02,13300,24343
09:45:31.351,71.85,71.86,0.01,13700,24243
09:45:31.354,71.84,71.86,0.02,13000,24443
09:45:31.354,71.84,71.85,0.01,13200,25043
09:45:31.654,71.84,71.86,0.02,13100,24343
09:45:31.654,71.84,71.85,0.01,13100,24443
09:45:31.654,71.84,71.86,0.02,13100,24343
09:45:31.660,71.85,71.86,0.01,13900,24243
09:45:31.664,71.84,71.86,0.02,13200,24443
09:45:31.665,71.84,71.85,0.01,13000,25043
09:45:32.273,71.84,71.86,0.02,13100,24643
09:45:33.033,71.85,71.86,0.01,14500,24743
09:45:33.037,71.84,71.86,0.02,13800,24843
09:45:33.042,71.84,71.85,0.01,13700,25543
09:45:33.098,71.84,71.86,0.02,13500,24743
09:45:33.339,71.85,71.86,0.01,14400,24543
09:45:33.343,71.84,71.86,0.02,14000,24543
09:45:33.348,71.84,71.85,0.01,14100,25443
09:45:33.398,71.84,71.86,0.02,14100,24743
09:45:33.650,71.84,71.85,0.01,13800,25343
09:45:34.005,71.84,71.86,0.02,14100,24843
09:45:34.774,71.85,71.86,0.01,14600,24743
09:45:34.778,71.84,71.86,0.02,14000,24843
09:45:34.782,71.84,71.85,0.01,13900,25743
09:45:35.030,71.84,71.86,0.02,13600,25043
09:45:35.146,71.85,71.86,0.01,14100,24943
09:45:35.150,71.84,71.86,0.02,13600,24843
09:45:35.152,71.84,71.85,0.01,13400,25843
09:45:35.326,71.84,71.86,0.02,13200,25043
09:45:35.327,71.84,71.85,0.01,13200,25143
09:45:35.327,71.84,71.86,0.02,13200,25043
09:45:35.334,71.85,71.86,0.01,14200,24843
09:45:35.338,71.84,71.86,0.02,13600,24843
09:45:35.340,71.84,71.85,0.01,13400,25643
09:45:35.627,71.84,71.86,0.02,13300,25143
09:45:35.632,71.85,71.86,0.01,14200,24943
09:45:35.636,71.84,71.86,0.02,13500,25143
09:45:35.638,71.84,71.85,0.01,13400,25743
09:45:35.929,71.84,71.86,0.02,13200,25143
09:45:35.942,71.85,71.86,0.01,14200,25043
09:45:35.946,71.84,71.86,0.02,13500,24943
09:45:35.949,71.84,71.85,0.01,13200,25743
09:45:37.018,71.84,71.86,0.02,13100,25143
09:45:37.019,71.84,71.85,0.01,13100,25243
09:45:37.327,71.84,71.86,0.02,13600,25143
09:45:37.331,71.85,71.86,0.01,14600,25043
09:45:37.335,71.84,71.86,0.02,13900,24943
09:45:37.337,71.84,71.85,0.01,13700,25843
09:45:38.033,71.84,71.86,0.02,13300,25143
09:45:38.034,71.84,71.85,0.01,13300,25243
09:45:38.035,71.84,71.86,0.02,13300,25143
09:45:38.035,71.84,71.85,0.01,13300,25243
09:45:38.036,71.84,71.86,0.02,13300,25243
09:45:38.037,71.85,71.86,0.01,13700,25243
09:45:38.041,71.84,71.86,0.02,13400,25043
09:45:38.044,71.84,71.85,0.01,13300,25943
09:45:38.337,71.84,71.86,0.02,13200,25143
09:45:38.338,71.84,71.85,0.01,13300,25243
09:45:38.338,71.84,71.86,0.02,13600,25043
09:45:38.351,71.84,71.85,0.01,13400,25343
09:45:38.648,71.84,71.86,0.02,13400,25043
09:45:38.951,71.85,71.86,0.01,14200,24743
09:45:38.955,71.84,71.86,0.02,13700,24743
09:45:38.959,71.84,71.85,0.01,13300,25443
09:45:39.258,71.84,71.86,0.02,13400,24943
09:45:39.259,71.84,71.85,0.01,13400,25043
09:45:39.407,71.84,71.86,0.02,13400,24943
09:45:39.410,71.85,71.86,0.01,14400,24643
09:45:39.411,71.85,71.87,0.02,14400,24543
09:45:39.417,71.84,71.87,0.03,13500,24743
09:45:39.419,71.84,71.86,0.02,13400,24943
09:45:39.455,71.84,71.85,0.01,13200,25443
09:45:41.986,71.83,71.85,0.02,13200,25443
09:45:44.026,71.83,71.86,0.03,13500,25143
09:45:44.026,71.84,71.86,0.02,13700,25143
09:45:44.026,71.84,71.85,0.01,13800,25243
09:45:44.026,71.84,71.86,0.02,14000,25143
09:45:44.066,71.85,71.86,0.01,14600,24843
09:45:44.258,71.84,71.86,0.02,13800,25043
09:45:46.019,71.85,71.86,0.01,13900,25043
09:45:46.842,71.85,71.87,0.02,14400,24643
09:45:46.845,71.86,71.87,0.01,15300,24543
09:45:46.849,71.86,71.88,0.02,15100,24443
09:45:47.009,71.86,71.87,0.01,14400,24643
09:45:48.118,71.86,71.88,0.02,14300,24543
09:45:48.124,71.87,71.88,0.01,15400,24443
09:45:48.422,71.87,71.89,0.02,14300,24343
09:45:48.604,71.87,71.88,0.01,14200,24543
09:45:48.733,71.87,71.89,0.02,14200,24443
09:45:48.737,71.88,71.89,0.01,15200,24343
09:45:49.079,71.88,71.9,0.02,14500,24243
09:45:49.081,71.88,71.89,0.01,14800,24343
09:45:49.081,71.88,71.9,0.02,14800,24143
09:45:49.082,71.88,71.89,0.01,14700,24143
09:45:49.084,71.88,71.9,0.02,14700,23843
09:45:49.087,71.89,71.9,0.01,15400,23843
09:45:49.090,71.89,71.91,0.02,15200,23843
09:45:49.107,71.89,71.92,0.03,15700,23543
09:45:49.111,71.89,71.91,0.02,15700,23643
09:45:49.138,71.9,71.91,0.01,15800,23643
09:45:49.660,71.89,71.91,0.02,14800,24443
09:45:49.664,71.89,71.9,0.01,14800,24943
09:45:50.021,71.89,71.91,0.02,15000,24243
09:45:50.026,71.9,71.91,0.01,15900,24143
09:45:52.015,71.9,71.92,0.02,14900,23643
09:45:52.328,71.91,71.92,0.01,15400,23643
09:45:53.615,71.9,71.92,0.02,14800,24043
09:45:53.617,71.9,71.91,0.01,14800,24643
09:45:54.027,71.9,71.92,0.02,15000,24043
09:45:54.030,71.91,71.92,0.01,15700,23943
09:45:54.040,71.91,71.93,0.02,15500,23743
09:45:54.050,71.92,71.93,0.01,15800,23043
09:45:54.124,71.91,71.93,0.02,15000,23443
09:45:54.203,71.91,71.92,0.01,14900,23443
09:45:55.070,71.91,71.93,0.02,14800,23543
09:45:55.281,71.91,71.92,0.01,14900,23743
09:45:55.324,71.9,71.92,0.02,14700,24143
09:45:55.358,71.9,71.91,0.01,14500,24243
09:45:56.030,71.9,71.92,0.02,14400,24243
09:45:56.030,71.91,71.92,0.01,14600,24243
09:45:58.044,71.91,71.93,0.02,14900,24443
09:45:58.050,71.92,71.93,0.01,15500,24143
09:45:59.026,71.92,71.94,0.02,14700,23343
09:45:59.034,71.93,71.94,0.01,15200,22643
09:46:01.009,71.92,71.94,0.02,14700,23622
09:46:01.011,71.92,71.93,0.01,14700,24022
09:46:06.011,71.92,71.94,0.02,14600,23463
09:46:12.157,71.93,71.94,0.01,14875,23322
09:46:15.148,71.92,71.94,0.02,14575,24063
09:46:15.149,71.92,71.93,0.01,14375,24563
09:46:19.635,71.91,71.93,0.02,14185,24663
09:46:19.637,71.91,71.92,0.01,14185,25363
09:46:19.789,71.9,71.92,0.02,14285,24663
09:46:20.221,71.91,71.92,0.01,14385,24463
09:46:25.115,71.9,71.92,0.02,14365,24763
09:46:25.124,71.9,71.91,0.01,14365,25363
09:46:25.145,71.89,71.91,0.02,13965,25163
09:46:25.302,71.89,71.9,0.01,13765,25563
09:46:28.617,71.89,71.91,0.02,14465,24863
09:46:28.619,71.9,71.91,0.01,14765,24763
09:46:37.212,71.89,71.91,0.02,14036,24863
09:46:37.213,71.89,71.9,0.01,14173,24763
09:46:37.390,71.89,71.91,0.02,14273,24763
09:46:39.020,71.89,71.9,0.01,14529,24663
09:46:39.240,71.88,71.9,0.02,13936,24363
09:46:39.241,71.88,71.89,0.01,13836,24763
09:46:39.828,71.88,71.9,0.02,14436,24563
09:46:39.828,71.88,71.91,0.03,14436,24363
09:46:39.828,71.89,71.91,0.02,14636,24363
09:46:40.242,71.89,71.9,0.01,14536,24263
09:46:41.880,71.89,71.91,0.02,14765,24163
09:46:41.883,71.9,71.91,0.01,15265,23663
09:46:42.031,71.89,71.91,0.02,14565,24263
09:46:42.035,71.89,71.9,0.01,14565,23963
09:46:45.014,71.88,71.9,0.02,14186,24163
09:46:45.078,71.88,71.89,0.01,14165,24363
09:46:52.406,71.88,71.9,0.02,14190,24163
09:46:52.572,71.89,71.9,0.01,14490,24363
09:46:52.577,71.88,71.9,0.02,14311,24463
09:46:52.748,71.88,71.89,0.01,14390,24963
09:46:52.767,71.87,71.89,0.02,14090,24963
09:46:52.817,71.88,71.89,0.01,14646,24863
09:46:53.731,71.88,71.9,0.02,14946,24363
09:46:54.862,71.89,71.9,0.01,15146,24563
09:46:55.202,71.88,71.9,0.02,14746,24663
09:46:55.207,71.89,71.9,0.01,14746,24663
09:46:56.303,71.88,71.9,0.02,14746,24663
09:46:56.305,71.88,71.89,0.01,14746,25276
09:46:56.305,71.88,71.9,0.02,14646,24863
09:46:56.306,71.89,71.9,0.01,14746,24763
09:46:56.461,71.88,71.9,0.02,14846,24763
09:46:57.010,71.89,71.9,0.01,14946,24763
09:46:58.997,71.88,71.9,0.02,14456,24763
09:46:59.026,71.88,71.89,0.01,14256,24763
09:46:59.294,71.88,71.9,0.02,14156,24563
09:46:59.967,71.88,71.89,0.01,13956,24663
09:46:59.994,71.87,71.89,0.02,13700,24963
09:46:59.996,71.87,71.88,0.01,13700,25363
09:47:05.217,71.86,71.88,0.02,13900,25363
09:47:05.349,71.86,71.87,0.01,14000,25763
09:47:07.532,71.86,71.88,0.02,14505,24763
09:47:07.536,71.87,71.88,0.01,15205,24963
09:47:09.182,71.87,71.89,0.02,14505,24663
09:47:09.186,71.88,71.89,0.01,15303,24763
09:47:10.373,71.87,71.89,0.02,14503,24963
09:47:10.755,71.88,71.89,0.01,14703,24913
09:47:12.822,71.87,71.89,0.02,14603,24813
09:47:12.825,71.87,71.88,0.01,14703,25313
09:47:12.825,71.87,71.89,0.02,14703,24713
09:47:13.032,71.88,71.89,0.01,15503,24963
09:47:16.726,71.87,71.89,0.02,15171,25363
09:47:16.756,71.87,71.88,0.01,15071,25363
09:47:24.395,71.86,71.88,0.02,14894,25663
09:47:24.533,71.86,71.87,0.01,14794,26463
09:47:25.929,71.85,71.87,0.02,14669,26463
09:47:26.283,71.86,71.87,0.01,14869,26563
09:47:26.432,71.85,71.87,0.02,14689,26563
09:47:26.950,71.86,71.87,0.01,14289,26463
09:47:31.966,71.85,71.87,0.02,14309,26763
09:47:33.004,71.86,71.87,0.01,14309,26663
09:47:38.853,71.86,71.88,0.02,14509,26463
09:47:38.862,71.87,71.88,0.01,15009,26663
09:47:39.896,71.87,71.89,0.02,14609,26663
09:47:39.900,71.88,71.89,0.01,15209,26663
09:47:40.055,71.87,71.89,0.02,14809,26263
09:47:40.233,71.87,71.88,0.01,14709,26663
09:47:40.363,71.87,71.89,0.02,14609,26163
09:47:41.155,71.88,71.89,0.01,14809,26263
09:47:41.155,71.87,71.89,0.02,14709,26263
09:47:42.716,71.88,71.89,0.01,14809,26363
09:47:46.717,71.87,71.89,0.02,14509,26263
09:47:51.862,71.88,71.89,0.01,14709,26363
09:47:52.259,71.87,71.89,0.02,14609,26563
09:47:52.301,71.87,71.88,0.01,14609,26563
09:47:53.000,71.87,71.89,0.02,14619,26163
09:47:53.005,71.88,71.89,0.01,14819,25663
09:47:55.658,71.87,71.89,0.02,14525,26563
09:47:55.660,71.87,71.88,0.01,14525,26763
09:47:58.885,71.86,71.88,0.02,14125,26563
09:47:58.955,71.86,71.87,0.01,13925,27263
09:47:59.010,71.85,71.87,0.02,13625,26863
09:47:59.033,71.85,71.86,0.01,13625,27163
09:48:12.962,71.84,71.86,0.02,13565,27105
09:48:14.026,71.85,71.86,0.01,13601,27105
09:48:29.364,71.85,71.87,0.02,14101,26863
09:48:29.364,71.85,71.86,0.01,14101,26963
09:48:29.365,71.85,71.87,0.02,14065,26663
09:48:29.369,71.86,71.87,0.01,14501,26563
09:48:29.410,71.86,71.88,0.02,14365,26263
09:48:33.788,71.86,71.87,0.01,14065,26563
09:48:34.729,71.86,71.88,0.02,14165,26363
09:48:34.736,71.87,71.88,0.01,14765,26463
09:48:35.341,71.87,71.89,0.02,14565,26363
09:48:35.342,71.88,71.89,0.01,15265,26163
09:48:36.398,71.88,71.9,0.02,14265,25663
09:48:36.407,71.89,71.9,0.01,15065,25263
09:48:36.413,71.89,71.91,0.02,15165,25063
09:48:36.463,71.9,71.91,0.01,15465,24663
09:48:36.532,71.89,71.91,0.02,15065,24963
09:48:36.756,71.9,71.91,0.01,15665,25163
09:48:36.817,71.9,71.92,0.02,15565,25063
09:48:36.825,71.91,71.92,0.01,15965,24563
09:48:37.177,71.9,71.92,0.02,14965,24063
09:48:37.180,71.9,71.91,0.01,14865,24963
09:48:37.192,71.89,71.91,0.02,14565,24863
09:48:37.196,71.89,71.9,0.01,14565,24963
09:48:37.230,71.88,71.9,0.02,14265,24663
09:48:37.668,71.89,71.9,0.01,14365,24363
09:48:38.275,71.89,71.91,0.02,14615,24663
09:48:38.726,71.89,71.9,0.01,14515,24363
09:48:38.785,71.88,71.9,0.02,14415,24463
09:48:38.787,71.88,71.89,0.01,14315,25063
09:48:38.904,71.87,71.89,0.02,14215,24763
09:48:39.261,71.87,71.9,0.03,14615,24963
09:48:39.383,71.88,71.9,0.02,14815,24863
09:48:41.060,71.88,71.89,0.01,14815,25063
09:48:49.149,71.87,71.89,0.02,14515,25363
09:48:49.234,71.87,71.88,0.01,14615,25963
09:48:49.853,71.86,71.88,0.02,14490,25663
09:48:49.854,71.86,71.87,0.01,14490,25863
09:48:52.517,71.85,71.87,0.02,14290,25963
09:48:52.517,71.86,71.87,0.01,14390,25963
09:48:52.518,71.85,71.87,0.02,14290,25963
09:48:52.518,71.85,71.86,0.01,14190,26163
09:48:52.565,71.84,71.86,0.02,13990,26263
09:48:53.169,71.83,71.86,0.03,13890,26763
09:48:53.171,71.84,71.86,0.02,13990,26763
09:48:53.178,71.83,71.86,0.03,13890,26663
09:48:53.199,71.84,71.86,0.02,14090,26263
09:48:53.199,71.83,71.86,0.03,13990,26263
09:48:53.260,71.83,71.85,0.02,13990,26563
09:48:53.629,71.84,71.85,0.01,13590,26263
09:48:53.632,71.84,71.86,0.02,13990,26163
09:48:53.636,71.85,71.86,0.01,14690,25963
09:48:53.826,71.84,71.86,0.02,14090,25963
09:48:54.220,71.85,71.86,0.01,15090,25563
09:48:54.308,71.84,71.86,0.02,14610,25563
09:48:56.853,71.84,71.85,0.01,14810,25863
09:48:57.245,71.84,71.86,0.02,14810,25663
09:48:57.245,71.84,71.85,0.01,14810,25863
09:48:57.379,71.84,71.86,0.02,14910,25663
09:48:57.379,71.84,71.85,0.01,14910,25863
09:48:57.380,71.84,71.86,0.02,14910,25663
09:48:57.380,71.85,71.86,0.01,15110,25663
09:48:57.699,71.84,71.86,0.02,14710,25663
09:48:57.701,71.84,71.85,0.01,14810,26563
09:49:02.700,71.84,71.86,0.02,14510,25463
09:49:03.507,71.84,71.85,0.01,14610,25863
09:49:07.128,71.84,71.86,0.02,14610,25663
09:49:07.128,71.84,71.85,0.01,14610,25863
09:49:07.129,71.84,71.86,0.02,14610,25663
09:49:07.129,71.84,71.85,0.01,14610,25863
09:49:07.159,71.84,71.86,0.02,14510,25663
09:49:07.161,71.85,71.86,0.01,14910,25563
09:49:07.846,71.85,71.87,0.02,14410,25463
09:49:07.853,71.86,71.87,0.01,15410,25363
09:49:08.698,71.85,71.87,0.02,14510,25563
09:49:09.105,71.86,71.87,0.01,14610,25163
09:49:10.000,71.85,71.87,0.02,14660,25563
09:49:11.364,71.85,71.86,0.01,14570,25463
09:49:12.969,71.84,71.86,0.02,14470,25863
09:49:12.971,71.84,71.85,0.01,14470,26163
09:49:17.256,71.83,71.85,0.02,14044,25963
09:49:18.383,71.84,71.85,0.01,14044,26163
09:49:22.700,71.83,71.85,0.02,13944,26163
09:49:28.824,71.83,71.84,0.01,13944,27063
09:49:28.895,71.82,71.84,0.02,14144,26463
09:49:29.120,71.82,71.83,0.01,14144,27463
09:49:35.219,71.81,71.83,0.02,14544,26763
09:49:35.219,71.82,71.83,0.01,14644,26763
09:49:35.243,71.81,71.83,0.02,14544,26763
09:49:35.243,71.82,71.83,0.01,14644,26763
09:49:36.845,71.81,71.83,0.02,14544,26763
09:49:36.845,71.82,71.83,0.01,14644,26763
09:49:36.857,71.81,71.83,0.02,14444,26863
09:49:36.867,71.81,71.82,0.01,14644,27563
09:49:36.868,71.81,71.83,0.02,14644,26663
09:49:36.869,71.82,71.83,0.01,14944,26463
09:49:37.099,71.81,71.83,0.02,14744,26463
09:49:37.113,71.81,71.82,0.01,14644,27363
09:49:37.126,71.81,71.83,0.02,14844,26563
09:49:37.128,71.82,71.83,0.01,15244,26563
09:49:38.069,71.81,71.83,0.02,14744,26463
09:49:38.073,71.81,71.82,0.01,14644,27163
09:49:38.081,71.81,71.83,0.02,14844,26563
09:49:38.081,71.82,71.83,0.01,15044,26563
09:49:38.092,71.81,71.83,0.02,14644,26463
09:49:38.110,71.81,71.82,0.01,14644,27263
09:49:38.129,71.81,71.83,0.02,14844,26363
09:49:38.133,71.82,71.83,0.01,15444,26263
09:49:40.207,71.81,71.83,0.02,14714,26063
09:49:40.232,71.81,71.82,0.01,14639,27163
09:49:40.309,71.81,71.83,0.02,14739,26463
09:49:40.311,71.82,71.83,0.01,15439,26163
09:49:40.746,71.81,71.83,0.02,14639,26163
09:49:40.748,71.81,71.82,0.01,14639,27163
09:49:40.753,71.81,71.83,0.02,14739,26363
09:49:40.755,71.82,71.83,0.01,15239,26163
09:49:46.318,71.81,71.83,0.02,14839,26163
09:49:47.016,71.82,71.83,0.01,14889,26463
09:49:47.290,71.81,71.83,0.02,14749,26563
09:49:57.877,71.82,71.83,0.01,14678,26863
09:49:57.877,71.82,71.84,0.02,14978,26563
09:49:57.882,71.83,71.84,0.01,15678,26563
09:49:58.340,71.82,71.84,0.02,14978,26663
09:49:58.891,71.82,71.83,0.01,15118,27463
09:49:59.103,71.82,71.84,0.02,15118,26663
09:49:59.122,71.83,71.84,0.01,16218,26663
09:49:59.481,71.82,71.84,0.02,14918,26863
09:49:59.491,71.82,71.83,0.01,14918,27263
09:49:59.966,71.82,71.84,0.02,15218,26863
09:49:59.993,71.83,71.84,0.01,15318,26663
09:50:00.097,71.83,71.85,0.02,15518,26463
09:50:00.103,71.84,71.85,0.01,16318,25863
09:50:00.135,71.84,71.86,0.02,16018,25663
09:50:00.153,71.85,71.86,0.01,16418,25463
09:50:00.999,71.84,71.86,0.02,15918,25763
09:50:02.022,71.84,71.85,0.01,15818,25863
09:50:02.029,71.84,71.86,0.02,15818,25463
09:50:03.762,71.84,71.85,0.01,15913,25363
09:50:08.631,71.83,71.85,0.02,14913,25363
09:50:10.705,71.84,71.85,0.01,14913,25363
09:50:11.383,71.83,71.85,0.02,14753,25263
09:50:11.408,71.84,71.85,0.01,14953,25063
09:50:11.518,71.83,71.85,0.02,14953,24963
09:50:11.530,71.83,71.86,0.03,14953,24763
09:50:11.531,71.84,71.86,0.02,15153,24763
09:50:11.537,71.84,71.87,0.03,16053,24403
09:50:11.548,71.84,71.86,0.02,16053,24503
09:50:11.601,71.85,71.86,0.01,15853,23903
09:50:12.083,71.85,71.87,0.02,15653,23903
09:50:12.571,71.86,71.87,0.01,15553,24003
09:50:12.602,71.85,71.87,0.02,15453,24003
09:50:13.885,71.86,71.87,0.01,15653,24003
09:50:14.271,71.85,71.87,0.02,15453,24003
09:50:14.636,71.85,71.86,0.01,15353,25003
09:50:14.794,71.85,71.87,0.02,15453,24203
09:50:15.320,71.86,71.87,0.01,15753,24103
09:50:21.233,71.85,71.87,0.02,15393,24603
09:50:21.235,71.85,71.86,0.01,15193,25263
09:50:21.668,71.85,71.87,0.02,15608,24403
09:50:21.674,71.86,71.87,0.01,16308,24403
09:50:21.866,71.86,71.88,0.02,16008,24203
09:50:21.870,71.87,71.88,0.01,16508,24103
09:50:21.870,71.87,71.89,0.02,16508,24003
09:50:22.741,71.87,71.88,0.01,15508,23903
09:50:26.638,71.86,71.88,0.02,15293,24503
09:50:26.640,71.86,71.87,0.01,15293,24963
09:50:31.638,71.86,71.88,0.02,15673,24603
09:50:32.637,71.86,71.87,0.01,17473,26303
09:50:34.976,71.86,71.88,0.02,16723,26703
09:50:36.383,71.86,71.87,0.01,16823,27203
09:50:36.484,71.86,71.88,0.02,16723,27103
09:50:38.607,71.86,71.87,0.01,17653,27203
09:50:50.040,71.85,71.87,0.02,17573,27603
09:50:50.043,71.85,71.86,0.01,19873,30803
09:50:50.106,71.84,71.86,0.02,19673,30603
09:50:51.095,71.85,71.86,0.01,19723,30403
09:50:56.012,71.84,71.86,0.02,20173,30603
09:50:56.076,71.84,71.85,0.01,19973,31403
09:50:56.110,71.83,71.85,0.02,19373,28603
09:50:56.299,71.83,71.84,0.01,19373,28503
09:50:59.949,71.82,71.84,0.02,19191,31263
09:51:00.018,71.82,71.83,0.01,19791,32663
09:51:00.047,71.81,71.83,0.02,19491,31963
09:51:01.009,71.82,71.83,0.01,19991,31863
09:51:03.147,71.81,71.83,0.02,17991,31963
09:51:04.776,71.81,71.82,0.01,18591,32363
09:51:06.459,71.8,71.82,0.02,18191,31363
09:51:12.619,71.81,71.82,0.01,18791,32163
09:51:12.639,71.81,71.83,0.02,19791,31663
09:51:14.193,71.81,71.82,0.01,19791,32163
09:51:14.238,71.81,71.83,0.02,18991,31763
09:51:14.628,71.81,71.82,0.01,19126,31963
09:51:14.638,71.81,71.83,0.02,19126,31863
09:51:14.638,71.81,71.82,0.01,19126,32063
09:51:14.650,71.81,71.83,0.02,19126,31863
09:51:14.650,71.81,71.82,0.01,19126,32043
09:51:14.764,71.81,71.83,0.02,19126,31863
09:51:16.105,71.81,71.82,0.01,19036,31963
09:51:24.452,71.8,71.82,0.02,19766,32273
09:51:24.466,71.81,71.82,0.01,19766,32173
09:51:25.851,71.81,71.83,0.02,20476,31863
09:51:25.861,71.82,71.83,0.01,21076,31763
09:51:26.986,71.81,71.83,0.02,20076,32163
09:51:27.033,71.81,71.82,0.01,19776,32263
09:51:27.227,71.81,71.83,0.02,20176,31763
09:51:27.239,71.82,71.83,0.01,20576,31563
09:51:27.293,71.82,71.84,0.02,19876,31463
09:51:27.296,71.83,71.84,0.01,21276,31563
09:51:27.301,71.83,71.85,0.02,21176,28163
09:51:27.349,71.84,71.85,0.01,21776,28063
09:51:27.702,71.83,71.85,0.02,18676,28463
09:51:31.469,71.83,71.84,0.01,21476,32263
09:51:31.644,71.83,71.85,0.02,21576,31463
09:51:33.592,71.83,71.84,0.01,21576,31563
09:51:42.849,71.83,71.85,0.02,20692,30363
09:51:42.890,71.84,71.85,0.01,21592,30563
09:51:43.082,71.84,71.86,0.02,21692,30623
09:51:43.127,71.85,71.86,0.01,22192,30723
09:51:43.952,71.84,71.86,0.02,21092,31423
09:51:46.060,71.85,71.86,0.01,21492,31423
09:51:47.036,71.84,71.86,0.02,21392,31523
09:51:47.862,71.84,71.85,0.01,21092,31906
09:51:48.061,71.84,71.86,0.02,20992,31806
09:51:54.484,71.85,71.86,0.01,21992,31736
09:51:55.161,71.85,71.87,0.02,22392,31136
09:51:56.129,71.85,71.86,0.01,22292,31736
09:51:56.586,71.85,71.87,0.02,21792,31636
09:51:56.605,71.85,71.88,0.03,22392,31436
09:51:56.642,71.85,71.87,0.02,23092,30736
09:51:56.649,71.86,71.87,0.01,23092,31336
09:52:06.801,71.86,71.88,0.02,22992,30721
09:52:06.806,71.87,71.88,0.01,23592,26521
09:52:21.739,71.86,71.88,0.02,22792,29811
09:52:22.603,71.87,71.88,0.01,22892,30611
09:52:22.626,71.87,71.89,0.02,22992,30411
09:52:22.651,71.87,71.9,0.03,24032,30011
09:52:22.673,71.87,71.89,0.02,24232,30211
09:52:22.684,71.87,71.9,0.03,24232,30111
09:52:22.685,71.88,71.9,0.02,24432,30111
09:52:22.719,71.89,71.9,0.01,24632,29811
09:52:23.785,71.88,71.9,0.02,24332,27511
09:52:23.786,71.88,71.89,0.01,23832,27911
09:52:25.193,71.87,71.89,0.02,24232,31111
09:52:25.361,71.88,71.89,0.01,24332,31228
09:52:26.048,71.87,71.89,0.02,24532,31128
09:52:26.179,71.88,71.89,0.01,24632,31028
09:52:32.704,71.87,71.89,0.02,23532,31228
09:52:32.706,71.87,71.88,0.01,22032,31928
09:52:48.746,71.87,71.89,0.02,23650,31326
09:52:56.439,71.87,71.88,0.01,23750,31458
09:52:56.440,71.87,71.89,0.02,23750,31458
09:53:08.020,71.88,71.89,0.01,24589,31090
09:53:08.130,71.88,71.9,0.02,24671,27590
09:53:10.054,71.89,71.9,0.01,24971,30190
09:53:14.385,71.89,71.91,0.02,24332,30228
09:53:14.745,71.89,71.9,0.01,24332,30428
09:53:16.350,71.89,71.91,0.02,24262,30328
09:53:16.354,71.89,71.92,0.03,24962,29928
09:53:16.383,71.9,71.92,0.02,25162,26728
09:53:17.103,71.9,71.91,0.01,24662,29728
09:53:17.245,71.9,71.92,0.02,24662,29728
09:53:19.786,71.91,71.92,0.01,24562,29828
09:53:21.387,71.91,71.93,0.02,24672,29128
09:53:21.465,71.92,71.93,0.01,25472,29528
09:53:24.080,71.92,71.94,0.02,24242,28828
09:53:24.090,71.93,71.94,0.01,25242,29428
09:53:29.515,71.93,71.95,0.02,25142,28565
09:53:29.517,71.94,71.95,0.01,25642,29265
09:53:29.519,71.94,71.96,0.02,25532,28965
09:53:29.993,71.94,71.95,0.01,24542,28165
09:53:31.656,71.93,71.95,0.02,23632,30165
09:53:31.662,71.93,71.94,0.01,23032,30465
09:53:32.225,71.92,71.94,0.02,23032,31115
09:53:32.228,71.92,71.93,0.01,22932,31415
09:53:32.398,71.91,71.93,0.02,22832,31115
09:53:32.732,71.91,71.92,0.01,23432,31615
09:53:33.359,71.91,71.93,0.02,23832,30615
09:53:33.377,71.91,71.94,0.03,24232,30415
09:53:33.660,71.92,71.94,0.02,24132,30691
09:53:34.244,71.92,71.93,0.01,23732,30391
09:53:34.246,71.92,71.94,0.02,23732,30391
09:53:34.246,71.93,71.94,0.01,23932,30391
09:53:34.600,71.92,71.94,0.02,23932,30291
09:53:37.854,71.93,71.94,0.01,21632,30861
09:53:38.078,71.92,71.94,0.02,23732,29061
09:53:38.081,71.92,71.93,0.01,23732,29461
09:53:41.968,71.91,71.93,0.02,23132,31271
09:53:42.392,71.91,71.92,0.01,23732,31371
09:53:47.558,71.91,71.93,0.02,23332,31216
09:53:47.591,71.92,71.93,0.01,24032,31316
09:53:52.365,71.91,71.93,0.02,23332,31416
09:53:52.537,71.91,71.92,0.01,23132,31916
09:53:52.997,71.91,71.93,0.02,23532,31416
09:53:53.207,71.91,71.92,0.01,23432,31616
09:53:53.261,71.9,71.92,0.02,23132,31616
09:53:53.263,71.9,71.91,0.01,22632,32616
09:54:03.237,71.9,71.92,0.02,22532,32488
09:54:03.299,71.9,71.91,0.01,22532,32488
09:54:05.576,71.89,71.91,0.02,22332,32788
09:54:05.576,71.9,71.91,0.01,22372,32788
09:54:05.577,71.89,71.91,0.02,22332,32788
09:54:05.577,71.88,71.91,0.03,22232,32888
09:54:05.577,71.88,71.9,0.02,22132,32988
09:54:05.677,71.89,71.9,0.01,22432,32888
09:54:07.490,71.88,71.9,0.02,22332,32808
09:54:07.492,71.88,71.89,0.01,22232,34108
09:54:07.584,71.87,71.89,0.02,21732,29908
09:54:07.584,71.88,71.89,0.01,21832,29908
09:54:11.040,71.87,71.89,0.02,22232,33040
09:54:13.811,71.88,71.89,0.01,22332,32940
09:54:13.999,71.88,71.9,0.02,22832,32480
09:54:13.999,71.89,71.9,0.01,23132,32480
09:54:14.005,71.89,71.91,0.02,23132,32480
09:54:14.008,71.9,71.91,0.01,23732,32580
09:54:14.025,71.9,71.92,0.02,23732,29180
09:54:14.034,71.91,71.92,0.01,24332,28880
09:54:14.305,71.9,71.92,0.02,23832,29280
09:54:14.308,71.9,71.91,0.01,23832,29580
09:54:14.953,71.89,71.91,0.02,23732,32680
09:54:18.814,71.9,71.91,0.01,23527,31980
09:54:19.398,71.89,71.91,0.02,23032,32280
09:54:19.398,71.89,71.9,0.01,23032,32285
09:54:21.880,71.89,71.91,0.02,23232,32080
09:54:24.324,71.89,71.9,0.01,23432,32380
09:54:30.084,71.88,71.9,0.02,22232,32783
09:54:30.084,71.89,71.9,0.01,22246,32783
09:54:30.085,71.88,71.9,0.02,22232,32783
09:54:30.085,71.88,71.89,0.01,22632,32383
09:54:45.328,71.88,71.9,0.02,23352,21358
09:54:45.332,71.88,71.91,0.03,24252,21258
09:54:45.368,71.88,71.92,0.04,24552,18058
09:54:45.370,71.89,71.92,0.03,24952,17858
09:54:45.419,71.9,71.92,0.02,24852,17258
09:54:45.419,71.91,71.92,0.01,25052,17258
09:54:45.420,71.9,71.92,0.02,24552,17258
09:54:45.420,71.89,71.92,0.03,24452,17258
09:54:45.467,71.89,71.93,0.04,21952,17158
09:54:45.467,71.91,71.93,0.02,22052,17158
09:54:45.532,71.92,71.93,0.01,23352,16858
09:54:45.545,71.92,71.94,0.02,23352,16758
09:54:45.645,71.92,71.93,0.01,23552,16658
09:54:45.937,71.91,71.93,0.02,25232,19858
09:54:45.941,71.91,71.92,0.01,25232,21358
09:54:46.116,71.9,71.92,0.02,24432,20158
09:54:46.117,71.91,71.92,0.01,24532,20158
09:54:46.117,71.9,71.92,0.02,24432,20158
09:54:46.314,71.91,71.92,0.01,24332,20558
09:54:48.641,71.9,71.92,0.02,24032,21258
09:54:48.643,71.9,71.91,0.01,24132,21458
09:54:48.792,71.9,71.92,0.02,24232,20958
09:54:58.988,71.9,71.91,0.01,24252,21439
09:55:00.855,71.89,71.91,0.02,23932,21839
09:55:00.856,71.89,71.9,0.01,23932,22339
09:55:01.000,71.88,71.9,0.02,23032,22239
09:55:01.005,71.88,71.89,0.01,22932,22839
09:55:01.007,71.87,71.89,0.02,19732,22539
09:55:01.021,71.88,71.89,0.01,20032,19139
09:55:18.153,71.88,71.9,0.02,24764,22157
09:55:18.160,71.89,71.9,0.01,25464,21857
09:55:20.641,71.88,71.9,0.02,25464,22972
09:55:22.377,71.88,71.89,0.01,25264,24080
09:55:28.425,71.87,71.89,0.02,23232,24780
09:55:28.428,71.87,71.88,0.01,24032,25380
09:55:28.578,71.87,71.89,0.02,23532,24880
09:55:28.591,71.88,71.89,0.01,23632,24880
09:55:30.165,71.87,71.89,0.02,23132,24880
09:55:30.166,71.87,71.88,0.01,22976,25080
09:55:35.542,71.87,71.89,0.02,24376,24480
09:55:35.548,71.88,71.89,0.01,25076,24080
09:55:36.282,71.88,71.9,0.02,25076,23380
09:55:36.283,71.89,71.9,0.01,25776,23680
09:55:47.891,71.88,71.9,0.02,25276,24620
09:55:47.895,71.88,71.89,0.01,25176,25120
09:55:47.951,71.87,71.89,0.02,24276,24920
09:55:48.368,71.87,71.88,0.01,24076,25120
09:55:48.529,71.86,71.88,0.02,23132,22020
09:55:52.227,71.87,71.88,0.01,24426,24620
09:55:54.082,71.86,71.88,0.02,24176,24720
09:55:57.204,71.86,71.87,0.01,24176,25320
09:56:01.599,71.86,71.89,0.03,23626,24620
09:56:01.602,71.87,71.89,0.02,24282,24920
09:56:01.603,71.87,71.88,0.01,24282,24320
09:56:01.603,71.87,71.89,0.02,23982,24220
09:56:01.605,71.87,71.88,0.01,24282,25020
09:56:01.887,71.87,71.89,0.02,24282,24320
09:56:01.888,71.88,71.89,0.01,25082,24420
09:56:03.649,71.87,71.89,0.02,23682,25520
09:56:11.487,71.87,71.88,0.01,23182,25720
09:56:11.487,71.86,71.88,0.02,22982,25920
09:56:11.515,71.86,71.87,0.01,22982,25820
09:56:22.972,71.85,71.87,0.02,22332,26270
09:56:22.975,71.85,71.86,0.01,22532,26870
09:56:30.648,71.84,71.86,0.02,21332,26270
09:56:30.648,71.85,71.86,0.01,21432,26270
09:56:50.710,71.84,71.86,0.02,20732,24520
09:56:50.710,71.85,71.86,0.01,20832,24520
09:56:58.600,71.84,71.86,0.02,21232,26730
09:56:58.600,71.85,71.86,0.01,21332,26730
09:56:58.601,71.84,71.86,0.02,21232,27230
09:57:03.605,71.84,71.85,0.01,20732,27430
09:57:03.618,71.84,71.86,0.02,20932,27130
09:57:03.620,71.85,71.86,0.01,21232,27130
09:57:03.824,71.84,71.86,0.02,21132,26830
09:57:03.825,71.84,71.85,0.01,21132,27230
09:57:04.500,71.83,71.85,0.02,21532,27430
09:57:04.500,71.84,71.85,0.01,21632,27430
09:57:06.169,71.83,71.85,0.02,22132,26630
09:57:06.171,71.83,71.84,0.01,22132,27730
09:57:06.190,71.83,71.85,0.02,22132,26130
09:57:06.193,71.83,71.84,0.01,22132,26630
09:57:06.389,71.83,71.85,0.02,22632,25930
09:57:06.400,71.83,71.86,0.03,22882,25530
09:57:06.518,71.84,71.86,0.02,22282,25280
09:57:06.539,71.85,71.86,0.01,22382,25180
09:57:06.564,71.84,71.86,0.02,22282,24680
09:57:06.632,71.85,71.86,0.01,22382,24580
09:57:09.568,71.85,71.87,0.02,22982,22570
09:57:09.568,71.86,71.87,0.01,22872,22370
09:57:09.568,71.86,71.88,0.02,23572,22270
09:57:09.597,71.87,71.88,0.01,24522,22670
09:57:09.925,71.87,71.89,0.02,24572,21370
09:57:09.959,71.88,71.89,0.01,25072,21970
09:57:10.516,71.87,71.89,0.02,23322,23020
09:57:10.516,71.87,71.88,0.01,23322,23320
09:57:10.525,71.86,71.88,0.02,23122,23620
09:57:10.574,71.86,71.87,0.01,23122,25020
09:57:10.671,71.86,71.88,0.02,23322,24120
09:57:10.727,71.87,71.88,0.01,23272,24320
09:57:10.752,71.86,71.88,0.02,23172,24120
09:57:10.756,71.86,71.87,0.01,23322,24820
09:57:10.798,71.85,71.87,0.02,22632,24920
09:57:11.123,71.86,71.87,0.01,21232,24320
09:57:13.069,71.86,71.88,0.02,23582,23420
09:57:13.079,71.87,71.88,0.01,24682,24020
09:57:14.262,71.86,71.88,0.02,23482,24170
09:57:15.272,71.86,71.87,0.01,23532,24420
09:57:15.339,71.85,71.87,0.02,23232,22720
09:57:15.341,71.85,71.86,0.01,22832,22920
09:57:15.491,71.85,71.87,0.02,23482,21720
09:57:19.072,71.85,71.88,0.03,22682,24420
09:57:19.093,71.86,71.88,0.02,23082,24570
09:57:19.290,71.86,71.87,0.01,23182,24670
09:57:23.111,71.86,71.88,0.02,22982,21070
09:57:32.812,71.87,71.88,0.01,22751,25170
09:57:55.680,71.87,71.89,0.02,23429,24770
09:57:55.681,71.87,71.9,0.03,23729,24070
09:57:55.737,71.88,71.9,0.02,23979,20370
09:57:56.132,71.88,71.89,0.01,23079,20770
09:57:56.211,71.88,71.9,0.02,22179,23320
09:57:56.213,71.89,71.9,0.01,22579,23570
09:57:57.588,71.88,71.9,0.02,23979,24270
09:57:57.588,71.89,71.9,0.01,24079,24270
09:57:57.589,71.88,71.9,0.02,23879,24020
09:57:57.592,71.88,71.89,0.01,23779,24720
09:57:57.776,71.88,71.9,0.02,22979,22120
09:58:03.914,71.88,71.91,0.03,22729,21370
09:58:03.916,71.89,71.91,0.02,23029,21570
09:58:04.157,71.89,71.9,0.01,23029,21770
09:58:04.159,71.88,71.9,0.02,22829,21770
09:58:04.386,71.88,71.91,0.03,22929,21270
09:58:04.386,71.89,71.91,0.02,23129,21270
09:58:05.211,71.9,71.91,0.01,23629,20770
09:58:05.211,71.9,71.92,0.02,23629,20670
09:58:05.217,71.91,71.92,0.01,24429,20070
09:58:05.586,71.9,71.92,0.02,21329,16370
09:58:05.610,71.9,71.91,0.01,21229,17220
09:58:05.611,71.89,71.91,0.02,20629,17220
09:58:06.238,71.89,71.92,0.03,23182,19620
09:58:06.239,71.9,71.92,0.02,23882,19620
09:58:06.243,71.9,71.93,0.03,23782,18870
09:58:06.251,71.9,71.92,0.02,23782,19020
09:58:06.277,71.91,71.92,0.01,23882,18420
09:58:06.285,71.91,71.93,0.02,24432,18620
09:58:06.285,71.92,71.93,0.01,24632,18620
09:58:06.293,71.91,71.93,0.02,24132,18820
09:58:06.293,71.91,71.92,0.01,24132,19020
09:58:06.407,71.9,71.92,0.02,23232,20120
09:58:06.862,71.91,71.92,0.01,23632,19870
09:58:06.874,71.91,71.93,0.02,23732,19570
09:58:06.876,71.92,71.93,0.01,24182,19470
09:58:06.980,71.92,71.94,0.02,24282,19370
09:58:07.226,71.92,71.93,0.01,24282,19220
09:58:07.252,71.91,71.93,0.02,23232,19420
09:58:07.254,71.91,71.92,0.01,23632,20320
09:58:07.414,71.91,71.93,0.02,23932,19520
09:58:08.078,71.92,71.93,0.01,24427,19520
09:58:08.432,71.91,71.93,0.02,23927,19520
09:58:08.433,71.92,71.93,0.01,24077,19520
09:58:09.363,71.92,71.94,0.02,24427,19070
09:58:10.399,71.92,71.95,0.03,23127,17670
09:58:11.882,71.92,71.94,0.02,24527,18970
09:58:12.359,71.92,71.95,0.03,24527,18770
09:58:14.282,71.92,71.94,0.02,24627,19270
09:58:16.426,71.92,71.95,0.03,23527,19170
09:58:17.108,71.92,71.94,0.02,24527,19070
09:58:17.151,71.92,71.93,0.01,24827,19970
09:58:17.173,71.91,71.93,0.02,23527,19970
09:58:17.178,71.91,71.92,0.01,23977,21070
09:58:17.484,71.91,71.93,0.02,24577,17070
09:58:17.485,71.92,71.93,0.01,25277,17070
09:58:17.487,71.92,71.94,0.02,25077,16570
09:58:20.459,71.92,71.93,0.01,24677,20190
09:58:20.483,71.92,71.94,0.02,24977,19990
09:58:21.266,71.92,71.95,0.03,26077,19690
09:58:21.269,71.93,71.95,0.02,26077,19690
09:58:21.696,71.93,71.94,0.01,23077,20390
09:58:21.698,71.92,71.94,0.02,22577,20190
09:58:22.992,71.93,71.94,0.01,25232,20790
09:58:22.993,71.93,71.95,0.02,25232,20590
09:58:23.031,71.94,71.95,0.01,25432,20690
09:58:28.013,71.94,71.96,0.02,25577,19990
09:58:28.074,71.95,71.96,0.01,24877,16070
09:58:28.110,71.95,71.97,0.02,24377,16770
09:58:28.132,71.95,71.98,0.03,24877,16490
09:58:28.132,71.95,71.97,0.02,24877,16390
09:58:28.178,71.96,71.97,0.01,24877,16490
09:58:28.473,71.95,71.97,0.02,23877,16690
09:58:29.866,71.95,71.98,0.03,25377,19590
09:58:29.867,71.96,71.98,0.02,25177,19790
09:58:33.293,71.96,71.97,0.01,24232,19690
09:58:33.293,71.96,71.98,0.02,24332,19490
09:58:33.305,71.97,71.98,0.01,24332,19490
09:58:33.538,71.96,71.98,0.02,23732,16790
09:58:36.458,71.96,71.97,0.01,23632,19790
09:58:36.472,71.95,71.97,0.02,23232,20370
09:58:36.477,71.95,71.96,0.01,23132,20770
09:58:36.483,71.94,71.96,0.02,22932,20670
09:58:36.523,71.94,71.95,0.01,21332,20607
09:58:36.589,71.94,71.96,0.02,21032,20307
09:58:42.196,71.93,71.96,0.03,23332,20107
09:58:42.196,71.93,71.95,0.02,23332,20407
09:58:42.200,71.93,71.94,0.01,23032,21007
09:58:42.201,71.92,71.94,0.02,22732,20907
09:58:43.212,71.92,71.93,0.01,22732,20507
09:58:43.236,71.92,71.94,0.02,22632,20307
09:58:43.249,71.93,71.94,0.01,22995,20107
09:58:43.249,71.93,71.95,0.02,22995,19907
09:58:43.282,71.94,71.95,0.01,22995,19707
09:58:43.289,71.94,71.96,0.02,23095,19607
09:58:43.290,71.95,71.96,0.01,23495,19470
09:58:43.441,71.94,71.96,0.02,22595,20007
09:58:43.445,71.94,71.95,0.01,22795,20407
09:58:43.479,71.93,71.95,0.02,22195,20607
09:58:43.504,71.93,71.94,0.01,22695,20807
09:58:44.123,71.92,71.94,0.02,22032,20807
09:58:44.124,71.91,71.94,0.03,21914,21607
09:58:44.127,71.91,71.93,0.02,22414,21407
09:58:44.304,71.91,71.92,0.01,22177,22270
09:58:44.305,71.9,71.92,0.02,21114,21670
09:59:03.831,71.91,71.92,0.01,22042,21370
09:59:05.074,71.91,71.93,0.02,22242,22570
09:59:05.743,71.91,71.94,0.03,22005,20770
09:59:09.881,71.91,71.93,0.02,21405,21470
09:59:10.466,71.91,71.94,0.03,21905,20770
09:59:10.469,71.92,71.94,0.02,22205,21870
09:59:10.565,71.93,71.94,0.01,22105,18870
09:59:10.917,71.92,71.94,0.02,20123,18870
09:59:11.057,71.92,71.93,0.01,20323,22307
09:59:11.205,71.91,71.93,0.02,21360,22407
09:59:11.236,71.91,71.92,0.01,21660,22707
09:59:11.414,71.91,71.93,0.02,21823,21407
09:59:11.524,71.92,71.93,0.01,22023,21607
09:59:11.525,71.92,71.94,0.02,22223,21407
09:59:11.976,71.92,71.93,0.01,21823,21707
09:59:20.192,71.91,71.93,0.02,19660,19307
09:59:20.198,71.91,71.92,0.01,19460,19807
09:59:35.268,71.9,71.92,0.02,19732,20307
09:59:35.275,71.9,71.91,0.01,19632,20607
09:59:35.276,71.89,71.91,0.02,19132,20707
09:59:35.436,71.9,71.91,0.01,19232,19807
09:59:35.436,71.9,71.92,0.02,19232,19607
09:59:35.688,71.89,71.92,0.03,19032,20007
09:59:35.699,71.89,71.91,0.02,19132,20107
09:59:38.501,71.9,71.91,0.01,19132,20170
09:59:38.506,71.9,71.92,0.02,19232,20070
09:59:38.510,71.91,71.92,0.01,19595,19770
09:59:49.198,71.9,71.92,0.02,17795,17270
09:59:49.207,71.9,71.91,0.01,17132,17517
09:59:49.711,71.89,71.91,0.02,16932,17017
09:59:55.477,71.88,71.91,0.03,16432,17317
09:59:55.517,71.88,71.9,0.02,16832,17417
09:59:59.374,71.88,71.89,0.01,16732,17517
09:59:59.376,71.87,71.89,0.02,16332,17517
10:00:00.481,71.88,71.89,0.01,17332,17417
10:00:01.510,71.88,71.9,0.02,17095,15875
10:00:01.511,71.88,71.91,0.03,17195,16807
10:00:01.513,71.88,71.92,0.04,18195,16507
10:00:01.518,71.89,71.92,0.03,18095,16407
10:00:01.575,71.89,71.91,0.02,18095,16307
10:00:01.860,71.88,71.91,0.03,17795,16307
10:00:03.979,71.88,71.9,0.02,17795,16307
10:00:04.488,71.88,71.89,0.01,17132,17007
10:00:04.605,71.88,71.9,0.02,17132,16607
10:00:12.172,71.88,71.89,0.01,17353,16607
10:00:20.585,71.87,71.89,0.02,16732,17070
10:00:20.585,71.87,71.88,0.01,16732,17270
10:00:20.691,71.86,71.88,0.02,16332,17270
10:00:20.693,71.86,71.87,0.01,16532,17307
10:00:20.785,71.86,71.88,0.02,15932,16607
10:00:20.788,71.86,71.87,0.01,15932,16570
10:00:20.790,71.86,71.89,0.03,16432,16070
10:00:20.793,71.87,71.89,0.02,17232,16370
10:00:20.795,71.87,71.88,0.01,16895,16370
10:00:21.520,71.86,71.88,0.02,16332,16770
10:00:24.801,71.85,71.88,0.03,16732,18407
10:00:24.801,71.85,71.87,0.02,16732,18407
10:00:24.888,71.85,71.86,0.01,17132,18307
10:00:24.980,71.84,71.86,0.02,16432,17407
10:00:24.980,71.85,71.86,0.01,16532,17407
10:00:24.980,71.84,71.86,0.02,16432,17407
10:00:24.990,71.84,71.85,0.01,15932,17807
10:00:31.007,71.83,71.85,0.02,19995,20570
10:00:31.007,71.83,71.84,0.01,19995,20770
10:00:31.094,71.83,71.85,0.02,19795,19870
10:00:31.098,71.84,71.85,0.01,20595,19770
10:00:31.098,71.84,71.86,0.02,20295,19470
10:00:31.108,71.84,71.85,0.01,20195,19770
10:00:31.449,71.83,71.85,0.02,19595,20070
10:00:31.582,71.83,71.84,0.01,19695,20370
10:00:59.115,71.83,71.85,0.02,18544,18670
10:00:59.423,71.83,71.84,0.01,18744,19670
10:01:18.600,71.83,71.85,0.02,18593,19070
10:01:19.635,71.83,71.84,0.01,18693,19870
10:01:20.720,71.83,71.85,0.02,18693,19970
10:01:20.721,71.83,71.84,0.01,18693,20170
10:01:29.306,71.82,71.84,0.02,17895,20607
10:01:29.329,71.82,71.85,0.03,17595,19970
10:01:29.330,71.83,71.85,0.02,17795,19870
10:01:29.681,71.83,71.84,0.01,17495,20307
10:01:29.683,71.82,71.84,0.02,17095,20507
10:01:30.807,71.83,71.84,0.01,18195,20707
10:01:30.807,71.82,71.84,0.02,18095,20607
10:01:30.962,71.83,71.84,0.01,18195,21407
10:01:31.208,71.83,71.85,0.02,18295,20907
10:01:35.738,71.84,71.85,0.01,19095,21007
10:01:35.739,71.84,71.86,0.02,19095,20707
10:01:39.866,71.83,71.86,0.03,18232,20407
10:01:39.866,71.84,71.86,0.02,18332,20407
10:01:39.866,71.84,71.85,0.01,18332,20707
10:01:39.880,71.83,71.85,0.02,17832,21107
10:01:39.880,71.82,71.85,0.03,17432,21107
10:01:39.881,71.82,71.84,0.02,17432,21307
10:01:39.883,71.82,71.85,0.03,17432,21207
10:01:39.884,71.83,71.85,0.02,17632,21007
10:01:39.893,71.82,71.85,0.03,17432,20807
10:01:39.897,71.82,71.84,0.02,17432,21307
10:01:39.899,71.82,71.85,0.03,17432,20707
10:01:39.907,71.81,71.85,0.04,17132,20907
10:01:39.907,71.81,71.84,0.03,17132,21107
10:01:39.913,71.82,71.84,0.02,17432,21870
10:01:39.916,71.81,71.84,0.03,16932,21670
10:01:39.917,71.8,71.84,0.04,16532,21670
10:01:39.921,71.81,71.84,0.03,16132,21470
10:01:39.923,71.81,71.83,0.02,16532,21370
10:01:39.924,71.8,71.83,0.03,16332,21570
10:01:39.925,71.81,71.83,0.02,15932,21270
10:01:39.932,71.81,71.82,0.01,16732,21470
10:01:39.933,71.8,71.82,0.02,16332,21370
10:01:39.934,71.8,71.81,0.01,16232,21470
10:01:39.942,71.79,71.81,0.02,16232,19770
10:01:40.026,71.79,71.8,0.01,16032,19370
10:01:40.032,71.79,71.81,0.02,16132,18770
10:01:40.090,71.8,71.81,0.01,17132,18370
10:01:40.098,71.79,71.81,0.02,16132,18170
10:01:40.101,71.79,71.8,0.01,16032,18970
10:01:40.128,71.79,71.81,0.02,16332,18370
10:01:40.132,71.8,71.81,0.01,17632,18270
10:01:40.185,71.8,71.82,0.02,17207,17870
10:01:40.189,71.81,71.82,0.01,17407,17670
10:01:40.189,71.81,71.83,0.02,17107,17470
10:01:40.202,71.81,71.82,0.01,16732,18070
10:01:40.210,71.8,71.82,0.02,16432,18070
10:01:40.210,71.79,71.82,0.03,15532,18070
10:01:40.213,71.79,71.81,0.02,15532,18470
10:01:40.220,71.79,71.8,0.01,15432,18970
10:01:40.259,71.79,71.81,0.02,15532,18170
10:01:40.265,71.8,71.81,0.01,16732,18070
10:01:40.306,71.8,71.82,0.02,16632,17870
10:01:40.308,71.8,71.83,0.03,16932,17470
10:01:40.308,71.81,71.83,0.02,16932,17470
10:01:40.555,71.8,71.83,0.03,16332,18070
10:01:40.556,71.8,71.82,0.02,16132,18370
10:01:40.558,71.79,71.82,0.03,15432,19670
10:01:40.561,71.79,71.81,0.02,15432,20770
10:01:40.771,71.79,71.82,0.03,16293,19470
10:01:41.179,71.8,71.82,0.02,16593,19370
10:01:41.186,71.8,71.83,0.03,16793,18870
10:01:41.186,71.81,71.83,0.02,16993,18670
10:01:41.542,71.81,71.82,0.01,16693,19370
10:01:41.543,71.8,71.82,0.02,16493,19470
10:01:48.841,71.81,71.82,0.01,18193,20370
10:02:20.361,71.81,71.83,0.02,24393,26870
10:02:25.236,71.82,71.83,0.01,25093,27170
10:02:25.249,71.82,71.84,0.02,25793,27070
10:02:25.253,71.83,71.84,0.01,24293,27070
10:02:28.518,71.83,71.85,0.02,26193,27770
10:02:28.544,71.84,71.85,0.01,26993,27670
10:02:29.914,71.84,71.86,0.02,26893,27070
10:02:29.920,71.85,71.86,0.01,27293,27270
10:02:29.929,71.85,71.87,0.02,27193,27270
10:02:29.971,71.86,71.87,0.01,27693,27170
10:02:41.987,71.86,71.88,0.02,27393,26570
10:02:42.177,71.87,71.88,0.01,28193,26870
10:02:42.712,71.87,71.89,0.02,28393,23370
10:02:42.732,71.88,71.89,0.01,29093,25470
10:02:43.403,71.87,71.89,0.02,25393,26170
10:02:43.484,71.87,71.88,0.01,27593,26870
10:02:44.147,71.86,71.88,0.02,27432,27070
10:02:44.149,71.86,71.87,0.01,27393,27570
10:02:44.242,71.85,71.87,0.02,25993,27570
10:02:44.250,71.85,71.86,0.01,26393,28170
10:02:53.584,71.85,71.87,0.02,24993,26770
10:02:56.597,71.85,71.86,0.01,25393,26509
10:02:56.621,71.84,71.86,0.02,24893,27309
10:02:56.621,71.85,71.86,0.01,24993,27309
10:02:57.451,71.84,71.86,0.02,24893,27009
10:02:57.451,71.85,71.86,0.01,24993,27009
10:02:57.451,71.84,71.86,0.02,24493,27009
10:02:57.451,71.85,71.86,0.01,24593,27009
10:02:57.452,71.84,71.86,0.02,24493,27009
10:02:57.452,71.85,71.86,0.01,24593,27009
10:02:57.630,71.84,71.86,0.02,24693,27009
10:02:57.631,71.84,71.85,0.01,24793,28009
10:02:58.249,71.84,71.86,0.02,24993,26709
10:02:58.251,71.85,71.86,0.01,25693,26709
10:02:58.643,71.84,71.86,0.02,24793,26609
10:02:58.647,71.84,71.85,0.01,24393,28109
10:02:58.827,71.84,71.86,0.02,24493,26909
10:02:58.828,71.85,71.86,0.01,25293,26809
10:03:23.243,71.84,71.86,0.02,24993,29509
10:03:23.243,71.85,71.86,0.01,25093,29509
10:03:23.256,71.84,71.86,0.02,25693,29309
10:03:23.256,71.85,71.86,0.01,25793,29309
10:03:23.257,71.83,71.86,0.03,25593,29309
10:03:23.257,71.85,71.86,0.01,25693,29309
10:03:23.258,71.83,71.86,0.03,25593,29309
10:03:23.258,71.85,71.86,0.01,25693,29309
10:03:23.276,71.84,71.86,0.02,24893,29509
10:03:23.276,71.85,71.86,0.01,24993,29509
10:03:23.276,71.83,71.86,0.03,25693,29509
10:03:23.276,71.85,71.86,0.01,25793,29509
10:03:23.276,71.83,71.86,0.03,25693,29509
10:03:23.276,71.85,71.86,0.01,25793,29509
10:03:23.277,71.83,71.86,0.03,25693,29509
10:03:23.277,71.85,71.86,0.01,25701,29509
10:03:23.298,71.84,71.86,0.02,25193,29809
10:03:23.303,71.83,71.86,0.03,25593,30109
10:03:23.307,71.83,71.85,0.02,25693,30309
10:03:23.376,71.84,71.85,0.01,25693,30709
10:03:31.686,71.83,71.85,0.02,25032,32809
10:03:31.686,71.84,71.85,0.01,25232,32809
10:03:31.748,71.83,71.85,0.02,24632,32809
10:03:31.748,71.84,71.85,0.01,24832,32809
10:03:31.785,71.83,71.85,0.02,24632,32809
10:03:31.785,71.84,71.85,0.01,24732,32809
10:03:31.786,71.83,71.85,0.02,24632,32809
10:03:31.895,71.83,71.84,0.01,24932,33609
10:03:32.799,71.83,71.85,0.02,25432,31409
10:03:32.800,71.84,71.85,0.01,26332,32109
10:03:33.283,71.83,71.85,0.02,24893,32109
10:03:33.283,71.84,71.85,0.01,25093,32109
10:03:33.285,71.83,71.85,0.02,24632,32409
10:03:33.285,71.84,71.85,0.01,24732,32409
10:03:33.293,71.83,71.85,0.02,25432,32409
10:03:33.299,71.83,71.84,0.01,25232,33309
10:03:34.076,71.83,71.85,0.02,24632,32409
10:03:34.077,71.83,71.84,0.01,24632,32509
10:03:34.077,71.83,71.85,0.02,24632,32409
10:03:34.080,71.84,71.85,0.01,25932,31570
10:03:34.092,71.83,71.85,0.02,25032,31570
10:03:34.274,71.83,71.84,0.01,25332,30470
10:03:44.584,71.82,71.84,0.02,25432,29909
10:03:44.589,71.82,71.83,0.01,25232,31609
10:03:45.621,71.82,71.84,0.02,25332,30409
10:03:58.362,71.82,71.83,0.01,24732,30909
10:04:03.008,71.81,71.83,0.02,25032,31709
10:04:03.008,71.81,71.82,0.01,25032,31809
10:04:09.633,71.8,71.82,0.02,24232,32119
10:04:10.583,71.8,71.81,0.01,24732,32919
10:04:19.335,71.79,71.81,0.02,23732,32819
10:04:20.915,71.79,71.8,0.01,24732,33580
10:04:22.525,71.78,71.8,0.02,24432,33380
10:04:22.532,71.78,71.79,0.01,24632,33319
10:04:33.036,71.77,71.79,0.02,24232,32780
10:04:33.036,71.78,71.79,0.01,24332,32780
10:04:35.111,71.77,71.79,0.02,25132,32580
10:04:35.113,71.77,71.78,0.01,25032,33380
10:04:35.183,71.77,71.79,0.02,24632,29180
10:04:35.184,71.78,71.79,0.01,25132,29180
10:04:35.186,71.78,71.8,0.02,25432,28580
10:04:35.186,71.77,71.8,0.03,24732,28580
10:04:35.186,71.77,71.79,0.02,24432,28880
10:04:35.189,71.78,71.79,0.01,24632,29080
10:04:36.755,71.78,71.8,0.02,25393,31480
10:04:36.760,71.79,71.8,0.01,26293,31480
10:04:36.760,71.78,71.8,0.02,26093,31480
10:04:36.760,71.79,71.8,0.01,25293,31480
10:04:38.277,71.78,71.8,0.02,26193,32480
10:04:42.444,71.79,71.8,0.01,26393,31880
10:04:42.543,71.79,71.81,0.02,26793,31580
10:04:45.648,71.79,71.8,0.01,27593,31980
10:05:04.642,71.78,71.8,0.02,26293,32971
10:05:05.749,71.79,71.8,0.01,26793,32480
10:05:10.919,71.78,71.8,0.02,25532,32080
10:05:10.919,71.78,71.79,0.01,25432,32240
10:05:12.403,71.77,71.79,0.02,25032,33540
10:05:12.409,71.77,71.78,0.01,25132,33840
10:05:18.682,71.76,71.78,0.02,25232,33679
10:05:19.460,71.76,71.77,0.01,25332,33679
10:05:20.184,71.75,71.77,0.02,24832,33119
10:05:20.939,71.76,71.77,0.01,25632,32819
10:05:22.571,71.76,71.78,0.02,25293,32209
10:05:22.574,71.77,71.78,0.01,26193,32270
10:05:22.574,71.76,71.78,0.02,25993,32270
10:05:22.574,71.77,71.78,0.01,25193,32270
10:05:23.612,71.77,71.79,0.02,25193,32470
10:05:23.641,71.78,71.79,0.01,24093,32770
10:05:24.114,71.77,71.79,0.02,23493,33470
10:05:25.797,71.77,71.78,0.01,25493,33909
10:05:26.977,71.76,71.78,0.02,24632,34409
10:05:27.533,71.76,71.77,0.01,24932,33709
10:05:34.918,71.75,71.77,0.02,23732,34009
10:05:35.604,71.75,71.76,0.01,24332,34509
10:05:37.835,71.74,71.76,0.02,23632,33609
10:05:37.842,71.74,71.75,0.01,20932,34570
10:05:37.844,71.73,71.75,0.02,20832,33670
10:05:38.061,71.73,71.74,0.01,21032,30809
10:05:54.076,71.73,71.75,0.02,25360,30509
10:05:54.081,71.74,71.75,0.01,25760,30970
10:05:54.108,71.74,71.76,0.02,26560,30270
10:05:54.109,71.75,71.76,0.01,26960,29470
10:06:11.011,71.75,71.77,0.02,25694,29770
10:06:11.019,71.76,71.77,0.01,25694,30970
10:06:22.364,71.75,71.77,0.02,26766,31809
10:06:22.372,71.75,71.76,0.01,26466,32009
10:06:22.380,71.74,71.76,0.02,25732,31909
10:06:22.392,71.74,71.75,0.01,25732,32709
10:06:22.396,71.74,71.76,0.02,25432,31709
10:06:22.396,71.75,71.76,0.01,25732,31609
10:06:22.420,71.74,71.76,0.02,25232,31609
10:06:22.421,71.74,71.75,0.01,25132,31909
10:06:22.569,71.74,71.76,0.02,26632,31309
10:06:22.641,71.74,71.75,0.01,27032,32009
10:06:23.419,71.74,71.76,0.02,27132,31009
10:06:24.369,71.75,71.76,0.01,27593,31409
10:06:24.373,71.75,71.77,0.02,27493,31109
10:06:24.382,71.75,71.76,0.01,27493,31309
10:06:25.461,71.74,71.76,0.02,27332,31909
10:06:31.628,71.74,71.75,0.01,27132,32535
10:06:37.407,71.74,71.76,0.02,27532,31735
10:06:40.670,71.74,71.75,0.01,27532,31909
10:06:41.295,71.74,71.76,0.02,27532,31709
